2519 3350
178 134 228 158 xv
1127 155 1130 158 ,
1175 125 1408 165 Prolegomena.

177 226 300 270 -ῃΛ-ε),
322 233 367 262 vel
388 231 721 271 ς-ῃΜινηλιινηε
739 234 767 271 (i.
784 244 806 262 ο.
822 228 1264 269 -ηῑΑὴφῬΑε-ηληήε

178 282 425 322 κςκΑᾎεβτ
455 285 484 322 (i,
508 296 530 314 e,
554 282 709 322 βαῃΛ-ε).
760 285 800 312 Dc
828 284 871 311 his
901 284 1090 313 vocabulariis
1119 286 1267 314 consulere

177 335 243 364 iicet
266 335 379 364 Ludoifi
402 325 476 364 nist.
499 337 520 371 1,
547 339 593 371 15,
617 337 663 364 34.
686 335 734 370 IV,
758 337 786 370 2,
811 336 842 369 3;
865 333 970 363 comm.
993 345 1021 372 p.
1040 337 1087 364 34.
1109 337 1178 364 209.
1196 337 1266 372 556,

178 390 207 414 et
229 385 447 424 descriptionem
469 396 567 414 eorum
594 385 753 414 uberiorem
779 384 809 411 in
832 384 972 421 Catalogo
994 384 1062 413 Cod.
1085 386 1168 414 Aetli.
1192 387 1266 415 Mus.

179 437 250 466 Brit.
272 447 300 474 p.
325 438 466 466 58—60.
512 435 694 473 Exemplaria
716 435 821 472 quibus
844 445 895 463 nos
917 435 961 463 usi
988 445 1085 464 sumus
1107 440 1176 465 sunt
1198 437 1266 466 Cod.

178 488 251 516 Mus,
275 487 344 515 Brit.
367 487 447 515 LXX
468 490 497 514 et
512 486 620 513 LXXII
643 485 797 513 secundum
819 488 919 514 nostra
941 487 1124 524 apographa,
1147 490 1176 516 et
1198 488 1267 516 Cod.

178 537 369 574 Tubingeusis
391 537 438 573 (de
461 546 517 572 quo
541 536 597 564 vid.
613 536 764 575 genitia-iit
783 540 829 567 ber
849 538 985 575 reutfdpen
1001 539 1267 578 morgcnsc'mbifwn

178 589 348 625 (⁴232eranst
370 587 391 615 Ι.
416 585 454 616 Ε.
480 587 592 624 41ῆ.);
621 586 676 615 alia
703 587 731 614 in
759 587 821 615 aliis
851 587 1030 616 bibliothecis
1058 592 1188 625 exstant,
1217 590 1267 618 sed

176 640 259 676 plura
282 647 447 675 comparare
469 637 564 674 operis
587 637 711 675 pretium
727 648 784 666 non
799 638 859 666 fore
875 637 1067 668 censebamus.
1112 641 1267 669 Praeterea

176 689 314 727 glossaria
337 687 477 725 quaedam
500 687 586 715 van'is
608 687 689 716 libris
712 688 823 717 biblicis
849 691 879 717 et
907 689 1006 726 Cyrilli
1034 691 1113 728 operi
1136 691 1183 729 (de
1200 702 1266 729 vquo

177 740 232 767 vid.
257 749 345 776 supra
373 748 395 766 c.
420 738 484 774 VH)
512 748 621 767 annexa
644 749 694 767 nec
717 750 774 767 non
798 740 908 777 glossas
930 741 1069 778 quasdam
1091 742 1120 770 in
1141 742 1268 780 margine

175 791 313 818 librorum
340 789 500 826 adscriptas
523 789 551 817 in
575 795 702 818 nostram
725 800 783 819 rem
809 791 1008 820 convertimus.
1057 793 1186 830 Denique
1207 795 1266 822 An-

174 841 270 870 tonius
285 840 444 869 d'Abbadie
459 840 489 868 in
504 850 555 868 sua
570 840 743 869 bibliotheca
758 841 844 870 habet
859 842 987 871 libellum
1003 843 1072 872 cod.
1088 844 1266 879 CCXXVIII,

174 893 204 920 in
226 901 284 929 quo
305 892 415 920 radices
437 891 551 928 linguae
574 891 759 930 Aethiopicae
781 893 935 921 secundum
963 894 1089 922 ordinem
1117 895 1266 924 literarum

173 943 202 971 in
226 952 297 980 quas
321 945 425 970 exeunt
449 943 477 979 (a
501 942 648 971 literatore
671 943 795 980 quodam
812 944 1012 982 Gondariensi)
1034 948 1185 973 contextae
1200 955 1265 974 con-

173 994 318 1028 tinentur;
346 1003 381 1021 ex
408 1003 441 1021 eo
463 996 598 1031 excerpta
620 994 759 1031 quaedam
783 994 984 1032 benignissime
1006 996 1089 1024 nobis
1111 996 1267 1024 communi-

173 1045 256 1073 cavit.
305 1044 360 1073 Sed
388 1044 494 1072 multae
516 1044 616 1072 harum
639 1045 765 1073 radicum
787 1045 922 1074 videntur
949 1047 1063 1084 spuriae
1085 1050 1114 1075 et
1137 1057 1152 1075 e
1175 1046 1266 1076 uomi-

173 1095 271 1131 nibus,
295 1095 381 1124 etiam
404 1095 576 1133 peregrinis,
603 1106 816 1133 nonnumquam
838 1097 989 1126 rudissime
1011 1098 1119 1136 petitae
1142 1098 1187 1135 (ut
1210 1095 1266 1132 stc

174 1146 280 1180 ’50⁰2
302 1146 320 1175 i.
344 1156 366 1174 e.
390 1142 640 1181 Λφκὲλωκῖ
664 1147 699 1175 de
722 1158 779 1184 qna
799 1147 855 1176 vid.
873 1150 1003 1177 nostrum
1018 1149 1129 1178 lexicon
1144 1159 1166 1178 c.
1186 1151 1264 1178 1402

174 1198 228 1226 sub
251 1191 432 1234 ἡ-Πόφε).

259 1249 335 1277 Haec
356 1249 447 1286 igitur
469 1251 652 1277 monumenta
673 1260 847 1287 quamquam
870 1249 1024 1287 diligenter
1038 1251 1184 1279 consulere
1200 1261 1265 1279 con-

173 1299 331 1335 suevimus,
353 1302 448 1327 tamen
471 1299 635 1337 adjiunenta
662 1310 734 1337 quae
756 1300 821 1329 inde
849 1300 1001 1338 petivimus
1028 1311 1080 1330 nec
1106 1302 1148 1330 ita
1173 1302 1266 1330 multa

173 1360 223 1378 nec
246 1361 349 1387 magna
371 1354 463 1378 erant.
509 1351 581 1379 Nam
610 1351 801 1388 expositiones
829 1352 982 1379 verborum
1011 1361 1065 1380 usu
1092 1352 1265 1380 detritorum

173 1411 244 1438 quas
266 1402 403 1429 exhibent
425 1401 507 1429 nimis
530 1411 621 1437 vagae
647 1405 676 1429 et
704 1412 818 1430 mancae
846 1405 928 1438 sunt,
958 1412 1009 1430 nec
1030 1403 1067 1431 ad
1089 1403 1265 1440 significatus

172 1456 303 1480 accurate
325 1451 499 1480 definiendos
522 1453 673 1480 sufficiunt.
718 1453 760 1481 De
783 1453 944 1481 nominibus
967 1453 1125 1491 peregrinis
1148 1454 1193 1491 (ut
1216 1464 1265 1482 va-

172 1513 264 1531 sorum
279 1526 285 1538 ,
318 1503 496 1540 ponderum,
529 1513 746 1539 mensurarum,
782 1503 1055 1540 instrumentorum,
1092 1504 1266 1541 animalium,

171 1555 346 1592 plantarum)
369 1554 605 1583 hallucinationes
628 1554 719 1591 magis
741 1557 771 1583 et
793 1556 970 1592 conjecturas
998 1565 1082 1592 quam
1111 1565 1194 1584 veras
1216 1556 1265 1584 de-

171 1604 314 1633 finitiones
335 1605 485 1633 venditare
512 1605 613 1634 solent.
657 1606 715 1633 Nec
742 1605 796 1633 nisi
823 1605 853 1633 in
881 1606 1065 1643 expediendis
1091 1606 1188 1634 verbis
1214 1616 1265 1635 no-

173 1655 332 1684 minibusve
367 1655 526 1684 rarioribus
560 1659 590 1684 et
617 1656 830 1684 obscurioribus
860 1656 1040 1694 aliquantum
1066 1656 1201 1686 utilitatis
1229 1667 1264 1686 ex

173 1706 207 1734 iis
234 1706 382 1744 percipere
408 1706 495 1735 licuit.

173 1757 279 1795 scripta
301 1760 345 1785 est
367 1757 479 1786 finibus.

173 1808 350 1837 teratoribus
372 1807 539 1846 propositae
561 1818 576 1836 e
597 1808 721 1845 genuina
742 1808 857 1845 linguae
885 1808 1003 1837 scientia
1023 1810 1184 1847 antiquitus
1206 1813 1264 1839 tra-

545 1707 721 1743 Quamquam
749 1717 783 1735 ea
808 1707 1120 1744 quoque‘arctioribus
1147 1708 1264 1737 circum-

525 1757 649 1785 Tantum
672 1757 747 1785 enim
769 1758 868 1794 abest,
891 1761 925 1786 ut
947 1767 1044 1786 omnes
1058 1759 1171 1796 glossae
1193 1769 1210 1788 a
1231 1759 1264 1788 li-

173 1859 234 1888 dita
256 1859 375 1887 haustae
398 1859 468 1893 sint,
492 1862 525 1886 ut
547 1868 645 1886 earum
667 1858 764 1896 plures
787 1848 899 1888 nonnisi
913 1860 1084 1896 conjecturis
1104 1861 1265 1899 exegeticis¹

173 1913 232 1938 tam
255 1910 330 1938 veris
352 1919 438 1947 quam
462 1909 555 1945 salsis,
583 1909 713 1937 nitantur
739 1909 808 1947 (vid.
831 1920 874 1938 ex.
897 1920 939 1947 gr.
962 1904 1103 1948 †d,('=).
1149 1913 1265 1941 Accedit

173 1961 250 1998 quod
277 1961 363 1989 etiam
389 1961 482 1989 multa
507 1960 647 1989 vocabula
675 1960 826 1989 Amliarica
853 1960 957 1998 quibus
982 1962 1153 2000 Aethiopica
1178 1973 1265 2001 expo-

173 2016 282 2040 nuntur
304 2011 385 2040 nobis
413 2011 526 2048 quidem
553 2011 675 2039 obscura
701 2014 769 2039 sunt
796 2021 846 2039 nec
875 2010 955 2049 prius
984 2012 1105 2051 intelligi
1135 2017 1265 2052 possunt,

173 2072 257 2099 quam
280 2062 389 2090 lexicon
404 2062 597 2097 Amliaricum,
622 2062 790 2090 Ludolfiano
806 2065 835 2091 et
851 2063 1053 2100 Isenbergiano
1069 2065 1160 2093 multo
1175 2065 1266 2104 magis

173 2113 357 2150 completum,
381 2113 488 2141 editum
510 2112 603 2141 fuerit.

258 2165 296 2191 At
319 2163 375 2191 alia
397 2174 510 2201 quoque
537 2167 581 2192 est
608 2164 699 2200 ratio,
729 2174 785 2201 qua
811 2164 868 2192 illis
897 2165 1088 2194 monumentis
1117 2165 1146 2194 iu
1175 2166 1265 2195 lexico

172 2214 346 2242 elaborando
369 2214 460 2251 adjuti
484 2225 588 2243 sumus.
634 2215 720 2243 Plura
748 2214 820 2242 enim
851 2215 878 2243 in
907 2215 941 2243 iis
970 2220 1154 2246 recensentur
1182 2228 1264 2246 voca-

173 2265 241 2294 bula
263 2275 336 2303 quae
358 2265 386 2293 in
411 2265 490 2293 libris
513 2275 634 2302 quorum
651 2265 917 2303 perlustrandorum
933 2266 1098 2296 facultatem
1114 2268 1265 2297 habuimus

173 2326 229 2344 non
253 2315 451 2353 reperiuntur:
480 2326 577 2344 eorum
600 2316 739 2353 quaedam
764 2316 828 2344 licet
851 2316 1020 2346 lectionibus
1043 2319 1186 2357 corruptis
1209 2319 1264 2348 ori—

172 2367 266 2405 ginem
289 2367 444 2402 traxerint,
468 2370 563 2395 tamen
586 2367 695 2404 reliqua
718 2367 746 2394 iu
769 2366 831 2395 aliis
853 2367 934 2395 libris
950 2378 1015 2396 vere
1031 2378 1178 2398 occurrere
1193 2370 1264 2399 satis

173 2417 322 2455 probabile
344 2421 396 2445 est.
441 2419 533 2453 Quare
559 2428 592 2445 ea
615 2417 643 2446 in
666 2417 756 2446 lexico
772 2417 896 2455 recipere
913 2428 968 2446 non
985 2418 1191 2456 dubitavimus,
1215 2421 1263 2449 sed

173 2479 236 2496 cum
265 2468 435 2497 testimoniis
466 2478 520 2495 non
551 2468 674 2505 probata
701 2469 771 2503 sint⁷
800 2478 898 2497 eorum
928 2469 1052 2506 plurima
1078 2470 1132 2498 sub
1161 2471 1263 2500 calcem

174 2518 254 2548 lexici
279 2519 307 2547 in
331 2518 495 2557 Appendice
519 2519 530 2547 1
560 2529 703 2548 recensere
734 2520 892 2548 maluimus
942 2521 1093 2549 Praeterea
1121 2521 1206 2550 variis
1235 2522 1263 2550 in

172 2569 242 2599 locis
258 2570 306 2599 ubi
322 2570 392 2598 fides
408 2573 572 2598 nostronnn
589 2570 715 2598 codicum
731 2570 929 2599 addubitanda
944 2570 1107 2608 videbatur,
1122 2572 1264 2609 glossam'a

173 2631 235 2649 cum
251 2621 369 2649 eandem
386 2620 515 2649 vocabuli
532 2621 677 2649 lectionem
695 2621 867 2659 praeberent
883 2621 964 2650 nobis
976 2622 1102 2650 subsidio
1114 2627 1262 2652 venerunt.

258 2672 289 2708 3)
312 2671 458 2699 Auxilium
489 2674 583 2699 antem
613 2673 704 2700 multo
732 2673 822 2709 magis⁴
852 2674 1026 2701 fructuosum
1057 2676 1086 2701 et
1113 2674 1199 2702 fidum
1230 2685 1264 2703 ex

173 2722 235 2760 ipso
257 2722 395 2750 librorum
418 2722 514 2750 studio
538 2722 688 2760 petivimus
741 2722 886 2761 Quidquid
913 2723 941 2751 in
962 2723 1155 2752 describendis
1178 2725 1264 2753 variis

173 2773 349 2809 singulorum
373 2773 524 2802 verborum
549 2772 804 2809 significationibus
826 2783 980 2811 earumque
1005 2774 1184 2803 tenuioribus
1206 2775 1263 2803 dis-

173 2822 336 2851 criminibus
366 2824 551 2861 profecimus,
581 2823 761 2862 potissimum
784 2833 869 2853 sensu
892 2824 1030 2852 librorum
1054 2825 1200 2854 subtiliter
1222 2826 1262 2854 in-

174 2872 316 2910 vestigato
339 2878 367 2902 et
396 2884 446 2902 usu
475 2874 608 2913 loquendi
637 2874 686 2913 qui
713 2874 801 2904 cuivis
827 2875 937 2904 auctori
965 2874 1100 2914 proprius
1128 2878 1172 2904 est
1199 2875 1263 2905 dili-

175 2926 275 2959 genter
295 2923 446 2953 observato
467 2925 597 2955 effectum
619 2928 671 2956 est.
710 2925 823 2955 Etenim
846 2926 870 2954 si
893 2925 956 2963 quis
979 2925 1094 2963 linguae
1117 2929 1146 2955 ct
1168 2936 1262 2963 gram-

175 2971 293 3001 maticae
315 2973 430 3003 seientia
452 2979 482 3005 et
503 2976 574 3006 artis
602 2976 764 3014 exegeticae
790 2975 895 3014 peritia
921 2976 990 3005 satis
1018 2975 1146 3005 imbutus
1174 2976 1263 3006 libros

175 3028 306 3051 accurate
328 3025 494 3062 perlegerit,
516 3037 572 3056 non
595 3027 651 3056 erit
671 3027 805 3064 dubium,
827 3027 896 3065 quin
917 3027 943 3055 ei
958 3027 1045 3057 ctiam
1062 3027 1126 3056 illae
1144 3027 1262 3066 phrases

176 3076 205 3101 et
238 3074 388 3102 verborum
420 3076 524 3103 formae
560 3078 602 3106 vel
636 3077 857 3115 significationes
889 3089 961 3116 cinae
994 3078 1021 3108 in
1060 3077 1157 3107 lexicis
1191 3088 1261 3108 non-

2345 145 2412 168 XVI

1320 235 1388 264 dum
1416 238 1531 265 notatae
1564 240 1632 266 sunt
1664 238 1749 276 longe
1780 239 1921 277 plurimae
1951 249 2003 278 per
2028 250 2058 270 se
2087 242 2254 280 perspicuae
2281 245 2410 280 pateant,

1320 286 1430 315 etiamsi
1453 287 1597 317 versiones
1624 288 1763 318 librorum
1793 290 1838 319 vel
1865 291 2038 329 exemplaria
2065 302 2080 320 e
2106 293 2211 330 quibus
2238 294 2314 322 versi
2343 297 2412 322 sunt

1319 337 1429 367 consuli
1452 342 1604 376 nequeunt.
1649 340 1727 376 Quae
1754 350 1817 369 cum
1842 341 1872 370 in
1899 342 1963 370 aliis
1989 352 2105 380 quoque
2131 343 2237 381 linguis
2262 347 2293 373 et
2317 343 2413 373 literis

1319 388 1429 426 pariter
1450 399 1480 417 se
1502 389 1641 426 habeant,
1664 391 1779 420 uberius
1801 401 1943 430 exponere
1966 393 2035 421 nihil
2061 403 2133 431 opus
2155 397 2207 424 est.
2251 395 2326 424 Sunt
2347 395 2410 433 qui-

1319 439 1383 467 dem
1406 439 1436 467 in
1459 440 1561 477 quovis
1583 441 1656 470 libro
1677 443 1887 481 manuscripto,
1914 443 1944 471 ni
1965 444 2176 473 accuratissime
2201 449 2337 474 exaratus
2362 445 2411 481 sit,

1319 489 1373 518 loci
1400 490 1578 520 obscuriores
1605 492 1651 521 vel
1677 492 1763 530 plane
1789 503 1846 522 non
1878 494 2070 532 intelligendi,
2102 495 2169 532 quia
2198 496 2334 524 lectiones
2362 496 2411 524 de-

1319 544 1457 578 pravatae
1479 545 1560 579 sunt,
1589 543 1640 571 sed
1662 553 1724 580 eos,
1754 544 1809 573 nisi
1831 555 1866 573 ex
1888 544 1952 573 aliis
1974 545 2056 573 libris
2078 546 2224 575 emendari
2251 546 2411 584 potuerint,

1318 591 1420 620 missos
1441 593 1534 622 facere
1556 593 1626 621 nihil
1654 593 1783 623 interest.
1833 596 1905 624 Sunt
1934 605 2048 633 quoque
2078 597 2217 625 vocabula
2244 597 2411 626 obscuriora

1319 642 1364 670 vel
1386 643 1474 671 verba
1495 645 1623 673 technica
1645 654 1717 682 quae
1740 645 1810 683 quid
1831 645 1885 674 sibi
1907 646 1998 674 velint
2020 657 2076 674 non
2098 647 2176 676 ultro
2197 650 2334 686 apparet,
2359 647 2411 676 sed

1319 703 1391 730 quae
1414 693 1443 722 in
1466 695 1522 723 alio
1545 695 1619 723 libro
1642 695 1735 724 minus
1756 695 1879 733 liquent,
1906 696 1937 724 in
1959 697 2015 725 alio
2044 697 2191 726 illustrata
2215 698 2411 733 inveniuntur,

1319 747 1347 772 et
1370 745 1523 773 dummodo
1546 749 1659 774 caetera
1680 746 1787 775 auxilia
1806 757 1879 784 quae
1899 747 2078 776 laudavimus
2100 752 2130 777 et
2150 748 2333 777 laudabimus
2355 748 2410 783 cie-

1319 798 1419 831 antur,
1453 806 1545 834 pauca
1573 806 1641 825 sane
1665 796 1852 835 inexplanata
1878 798 2084 836 relinquentur.
2137 799 2220 827 Libri
2249 801 2347 828 autem
2375 809 2410 828 ex

1318 846 1442 875 Arabico
1465 857 1594 876 sermone
1617 848 1751 876 translati
1772 848 1818 876 vel
1840 849 1876 876 ad
1904 849 2029 887 linguam
2052 849 2233 878 Amharicam
2258 853 2411 888 vergentes

1319 902 1351 926 ut
1374 898 1445 926 bene
1467 898 1679 935 intelligantur,
1707 898 1795 926 etiam
1822 898 1945 928 istarum
1967 899 2128 938 linguarum
2151 900 2299 930 scientiam
2319 910 2410 938 quan-

1319 949 1383 976 dam
1406 948 1513 986 requiri
1535 959 1618 977 nemo
1640 959 1697 977 non
1712 949 1800 977 videt.
1871 984 1874 988 ¹

1402 1000 1434 1037 4)
1457 999 1697 1028 Adillustranda
1721 999 1836 1028 nomina.
1861 999 2026 1029 animalium
2053 1002 2218 1039 plantarum
2243 1001 2408 1030 utensilium

1319 1053 1347 1078 et
1370 1051 1508 1079 vocabula
1531 1051 1671 1088 quaedam
1693 1051 1822 1079 technica
1844 1052 1890 1090 (ut
1911 1051 2047 1089 musicae)
2074 1052 2162 1080 etiam
2188 1052 2338 1081 itineraria
2359 1062 2410 1090 pe*

1318 1101 1530 1139 regrinatorum
1560 1105 1589 1130 et
1618 1101 1712 1130 varios
1740 1102 1960 1140 Europaeorum
1992 1102 2081 1130 libros
2107 1102 2138 1131 in
2166 1103 2272 1140 quibus
2298 1103 2411 1141 singula

1318 1152 1520 1181 describuntur
1541 1152 1586 1180 vel
1609 1155 1795 1189 exponuntur
1817 1153 1863 1190 (ut
1877 1153 2030 1182 Renaudot
2052 1163 2125 1191 opus
2148 1153 2184 1182 de
2205 1153 2332 1191 liturgiis
2353 1153 2411 1182 ori-

1318 1203 1475 1239 entalibus,
1503 1202 1627 1240 Scaliger
1649 1212 1722 1240 opus
1744 1203 1779 1231 de
1801 1204 1998 1233 emendatione
2025 1207 2200 1242 temporum,
2227 1203 2411 1243 Description

1317 1255 1352 1282 de
1375 1255 1510 1292 l'Egypte
1532 1253 1580 1291 al.)
1604 1254 1829 1283 consulebamus.

1404 1305 1434 1343 5)
1456 1305 1508 1333 His
1530 1304 1644 1332 auxiliis
1666 1314 1740 1342 quae
1762 1305 1958 1334 enarravimus
1980 1305 2057 1334 aliud
2079 1305 2201 1343 denique
2223 1305 2339 1335 accedat
2360 1315 2411 1335 ne-

1317 1365 1394 1384 eesse
1421 1359 1478 1391 est,
1511 1365 1548 1384 sc.
1577 1358 1737 1392 etymorum
1769 1356 1961 1394 investigatio.
2019 1356 2075 1385 Sed
2102 1357 2137 1385 de
2165 1356 2219 1385 hac
2243 1356 2412 1394 singulatim

1317 1407 1513 1436 disserendum
1540 1409 1592 1434 est.

1320 1518 1350 1551 3.
1404 1515 1598 1551 Disseritm·
1625 1516 1666 1550 de
1694 1519 1882 1561 etymorum
1907 1517 2163 1562 investigatione
2196 1520 2228 1552 et
2260 1517 2410 1552 aliarum

1619 1576 1818 1621 &uquarum
1844 1578 2104 1622 comparatione.
2458 1569 2464 1575 ’

1405 1669 1434 1707 1)
1457 1669 1628 1706 Etymorum
1651 1668 1857 1697 scrutationem
1880 1672 1909 1698 et
1931 1669 2052 1698 aliarum
2077 1669 2242 1708 linguarum
2264 1678 2412 1708 compara·

1317 1721 1423 1749 tionem
1453 1723 1487 1748 ut
1511 1730 1546 1747 ne
1573 1719 1695 1748 intactas
1721 1719 2031 1758 praetermitteremus,
2063 1721 2160 1749 variae
2181 1731 2234 1750 nos
2254 1719 2412 1750 monebant

1317 1772 1452 1800 rationes.
1495 1770 1624 1799 Primum
1647 1770 1721 1799 euim
1743 1770 1780 1799 ad
1801 1771 1865 1808 ipsa
1887 1771 2026 1799 vocabula
2047 1771 2104 1800 rite
2132 1771 2290 1809 digerenda
2315 1781 2423 1801 neces-'

1317 1823 1410 1851 sariae
1433 1824 1510 1851 sunt.
1554 1822 1587 1850 In
1609 1821 1706 1850 lexicis
1726 1821 1890 1859 linguarum
1907 1821 2103 1850 Semiticarum
2119 1831 2195 1859 quae
2206 1822 2410 1852 vocabulorum

1317 1871 1408 1900 lit-eris
1432 1873 1477 1901 vel
1499 1872 1616 1909 syllabis
1639 1872 1774 1910 praefixis
1796 1873 1985 1901 formatorum
2011 1873 2091 1910 copia
2118 1872 2235 1910 ingente
2261 1873 2411 1902 abundant

1317 1922 1431 1960 singula
1452 1923 1591 1952 vocabula
1614 1923 1769 1951 secundum
1795 1923 1923 1952 ordinem
1949 1923 2076 1952 radicum
2103 1926 2134 1952 et
2159 1923 2308 1952 literarum
2334 1924 2411 1953 radi—

1317 1973 1428 2002 calium.
1442 1974 1598 2011 digerenda
1620 1984 1682 2003 esse
1704 1973 1782 2003 inter
1803 1984 1901 2003 omues
1923 1976 2048 2009 constat,
2071 1983 2122 2002 nec
2144 1973 2199 2003 nisi
2217 1974 2268 2012 qui
2280 1975 2411 2004 inscitiae

1318 2028 1347 2052 et
1369 2024 1489 2053 inertiae
1511 2025 1638 2053 tironum
1660 2025 1750 2062 magis
1774 2035 1859 2063 quam
1883 2025 1961 2053 laudi
1983 2024 2147 2062 disciplinae
2169 2025 2324 2054 consulunt
2349 2025 2411 2055 lau-

1318 2075 1440 2104 dabilem
1462 2076 1543 2104 illum
1566 2086 1685 2111 morem,
1712 2076 1772 2105 fere
1794 2075 1925 2104 omnibus
1948 2075 2116 2113 probatum,
2143 2075 2299 2104 etiamnum
2320 2077 2411 2115 negli-

1317 2129 1398 2163 gunt.
1444 2127 1563 2156 Radices
1585 2130 1681 2155 autem
1705 2126 1741 2155 ad
1764 2137 1834 2164 quas
1861 2127 1973 2164 singula
2000 2126 2139 2155 vocabula
2165 2127 2315 2156 referenda
2343 2130 2410 2156 sunt

1317 2187 1490 2215 quamquam
1518 2178 1687 2216 plerumque
1716 2187 1732 2206 e
1764 2177 1876 2215 legibus
1906 2177 2085 2206 formationis
2113 2177 2306 2215 grammaticis
2332 2178 2411 2208 ultro

1317 2231 1431 2266 patent,
1459 2231 1556 2256 tamen
1579 2238 1793 2265 nonnumquam
1815 2228 1932 2264 accidit,
1963 2230 1995 2256 ut
2018 2227 2136 2266 cognitu
2158 2228 2330 2258 difficiliores
2351 2229 2411 2258 sint

1317 2289 1367 2307 nee
1389 2279 1448 2307 sine
1471 2279 1668 2317 exploratione
1687 2281 1846 2315 etymorum
1866 2279 1987 2308 inveniri
2002 2279 2115 2317 possint
2130 2279 2162 2316 1).
2199 2279 2309 2309 Deinde
2323 2280 2410 2310 etiam

1317 2329 1572 2367 significationibus
1594 2330 1748 2358 verborum
1771 2330 1938 2358 definiendis
1960 2333 2123 2366 etymorum
2143 2329 2262 2359 scientia
2274 2331 2410 2360 aliarum—

1317 2391 1372 2417 que
1400 2381 1563 2418 linguartun
1596 2381 1771 2419 comparatio
1798 2380 1856 2409 sive
1889 2381 2041 2409 utilissima
2073 2381 2133 2409 sive
2165 2381 2324 2410 necessaria
2355 2384 2409 2410 est.

1317 2432 1390 2459 Sunt
1412 2431 1486 2460 enim
1515 2432 1602 2460 verba
1631 2442 1704 2469 quae
1733 2432 1828 2459 varias
1856 2432 1988 2469 pluresve
2022 2432 2148 2460 habeant
2175 2431 2409 2470 significationes:

1317 2493 1414 2510 carum
1438 2493 1511 2519 qnae
1534 2483 1572 2511 sit
1594 2483 1699 2520 prima,
1726 2493 1799 2519 quae
1822 2482 1984 2518 derivatae,
2012 2492 2225 2520 nonnumquam
2247 2481 2274 2511 ei
2294 2485 2408 2511 tantum

1316 2533 1476 2571 disceptare
1498 2533 1575 2569 licet,
1598 2533 1646 2571 qui
1669 2536 1785 2570 etymon
1807 2533 1986 2570 perspexerit
1998 2532 2038 2570 2);
2065 2535 2133 2562 sunt
2147 2533 2205 2562 alia
2218 2542 2343 2570 quorum
2357 2543 2408 2571 po-

1316 2587 1407 2612 testas
1430 2584 1484 2612 nisi
1507 2586 1602 2621 etymo
1625 2587 1753 2622 respecto
1776 2584 1935 2612 accuratius
1958 2583 2093 2613 constitui
2120 2593 2178 2612 non
2199 2586 2297 2622 potest
2311 2583 2352 2622 ³),
2379 2587 2409 2612 et

1317 2634 1398 2662 nobis
1421 2635 1536 2671 quidem
1559 2635 1715 2663 multorum
1737 2635 1890 2663 verborum
1913 2635 1942 2663 in
1965 2645 2023 2664 uno
2042 2634 2191 2663 duobusve
2209 2636 2324 2663 tantum
2339 2633 2409 2663 locis

1317 2685 1466 2713 obviorum
1494 2685 1670 2723 significatus
1701 2696 1756 2714 non
1790 2685 1924 2714 indubius
1958 2696 2008 2715 nec
2036 2685 2106 2715 satis
2135 2685 2320 2715 confirmatus
2346 2695 2409 2715 esse

1388 2825 1412 2857 ι)
1434 2826 1463 2849 ut
1481 2817 1573 2859 ῤ-ὸὴ
1586 2818 1741 2860 :hou-'r
1751 2829 1761 2848 ³
1771 2816 2102 2861 ΜώᾙιΜ-ι-β-
2111 2815 2406 2856 :maman-nde·-

1315 2871 1415 2956 ‚eg-2),
1426 2869 1529 2955 3123·
1538 2872 1687 2960 :fliium
1697 2933 1707 2952 ι
1719 2921 1836 2960 h-ngs
1846 2920 2115 2959 ÷o⁷1l³†0·1w
2123 2931 2133 2949 =
2141 2920 2243 2958 ἰιωε
2251 2918 2406 2958 λῆψι·

1315 2974 1814 3011 κτὼικτοί.ψκιι.κωτ
1834 2973 1868 3000 ¹²¹-

1385 3028 1410 3059 ³)
1431 3028 1460 3052 ut
1479 3025 1770 3062 vcnssvaeh-nssd·
1781 3021 1948 3062 w're't·
1962 3033 1972 3053 ⁸
1986 3019 2131 3064 *we-R,
2147 3033 2157 3052 ι
2174 3023 2310 3060 ‘'md-c
2326 3031 2338 3052 ²
2351 3025 2405 3060 m:

1313 3075 1687 3114 ηιιηληιντιοθῠ·
1707 3076 1740 3103 ¹1¹-
