<?xml version="1.0" encoding="UTF-8"?>
<!DOCTYPE html PUBLIC "-//W3C//DTD XHTML 1.0 Transitional//EN"
    "http://www.w3.org/TR/xhtml1/DTD/xhtml1-transitional.dtd">
<html xmlns="http://www.w3.org/1999/xhtml" xml:lang="en" lang="en">
 <head>
  <title>
</title>
<meta http-equiv="Content-Type" content="text/html;charset=utf-8" />
  <meta name='ocr-system' content='tesseract 3.04.00' />
  <meta name='ocr-capabilities' content='ocr_page ocr_carea ocr_par ocr_line ocrx_word'/>
</head>
<body>
  <div class='ocr_page' id='page_1' title='image "./lexiconlinguaeae00dilluoft_0017.png"; bbox 0 0 2519 3350; ppageno 0'>
   <div class='ocr_carea' id='block_1_1' title="bbox 121 126 162 152">
    <p class='ocr_par' dir='ltr' id='par_1_1' title="bbox 121 126 162 152">
     <span class='ocr_line' id='line_1_1' title="bbox 121 126 162 152; baseline 0 0"><span class='ocrx_word' id='word_1_1' title='bbox 121 126 162 152; x_wconf 78' lang='lat' dir='ltr'><strong>IX</strong></span> 
     </span>
    </p>
   </div>
   <div class='ocr_carea' id='block_1_2' title="bbox 98 221 1223 1025">
    <p class='ocr_par' dir='ltr' id='par_1_2' title="bbox 121 221 1221 460">
     <span class='ocr_line' id='line_1_2' title="bbox 121 221 1218 260; baseline -0.006 -3"><span class='ocrx_word' id='word_1_2' title='bbox 121 227 294 257; x_wconf 61' lang='lat' dir='ltr'><strong>Matutinus</strong></span> <span class='ocrx_word' id='word_1_3' title='bbox 313 223 522 255; x_wconf 76' lang='lat' dir='ltr'><strong>nominavimus</strong></span> <span class='ocrx_word' id='word_1_4' title='bbox 543 223 684 258; x_wconf 88' lang='lat' dir='ltr'><strong>libellum,</strong></span> <span class='ocrx_word' id='word_1_5' title='bbox 707 222 759 260; x_wconf 85' lang='lat' dir='ltr'><strong>qui</strong></span> <span class='ocrx_word' id='word_1_6' title='bbox 777 222 809 251; x_wconf 89' lang='lat' dir='ltr'><strong>in</strong></span> <span class='ocrx_word' id='word_1_7' title='bbox 823 221 892 251; x_wconf 82' lang='lat' dir='ltr'><strong>Cod.</strong></span> <span class='ocrx_word' id='word_1_8' title='bbox 908 222 982 251; x_wconf 81' lang='lat' dir='ltr'><strong>Mus.</strong></span> <span class='ocrx_word' id='word_1_9' title='bbox 998 222 1070 251; x_wconf 89' lang='lat' dir='ltr'><strong>Brit.</strong></span> <span class='ocrx_word' id='word_1_10' title='bbox 1084 222 1142 251; x_wconf 88' lang='lat' dir='ltr'><strong>XX</strong></span> <span class='ocrx_word' id='word_1_11' title='bbox 1157 233 1185 251; x_wconf 91' lang='lat' dir='ltr'><strong>n.</strong></span> <span class='ocrx_word' id='word_1_12' title='bbox 1205 225 1218 251; x_wconf 89' lang='lat'>1</span> 
     </span>
     <span class='ocr_line' id='line_1_3' title="bbox 122 270 1220 312; baseline -0.008 -4"><span class='ocrx_word' id='word_1_13' title='bbox 122 281 153 308; x_wconf 82' lang='lat' dir='ltr'><strong>ct</strong></span> <span class='ocrx_word' id='word_1_14' title='bbox 173 277 245 308; x_wconf 76' lang='lat' dir='ltr'><strong>XXI</strong></span> <span class='ocrx_word' id='word_1_15' title='bbox 264 287 294 306; x_wconf 84' lang='lat' dir='ltr'><strong>n.</strong></span> <span class='ocrx_word' id='word_1_16' title='bbox 319 279 346 312; x_wconf 89' lang='lat'><strong>1,</strong></span> <span class='ocrx_word' id='word_1_17' title='bbox 367 285 386 305; x_wconf 81' lang='lat' dir='ltr'><strong>a</strong></span> <span class='ocrx_word' id='word_1_18' title='bbox 406 275 583 310; x_wconf 57' lang='lat' dir='ltr'><strong>contimtum</strong></span> <span class='ocrx_word' id='word_1_19' title='bbox 609 273 778 312; x_wconf 86' lang='lat' dir='ltr'><strong>Aethiopice</strong></span> <span class='ocrx_word' id='word_1_20' title='bbox 799 273 955 312; x_wconf 78' lang='lat' dir='ltr'><strong>inscriptus</strong></span> <span class='ocrx_word' id='word_1_21' title='bbox 977 277 1021 301; x_wconf 84' lang='lat' dir='ltr'><strong>est</strong></span> <span class='ocrx_word' id='word_1_22' title='bbox 1043 270 1220 310; x_wconf 51' lang='lat' dir='ltr'><strong>&#39;2872&#39;st</strong></span> 
     </span>
     <span class='ocr_line' id='line_1_4' title="bbox 123 323 1221 366; baseline -0.005 -9"><span class='ocrx_word' id='word_1_23' title='bbox 123 328 222 364; x_wconf 71' lang='grc' dir='ltr'><strong>ἾΙΙΙ,</strong></span> <span class='ocrx_word' id='word_1_24' title='bbox 242 330 273 356; x_wconf 88' lang='lat' dir='ltr'><strong>et</strong></span> <span class='ocrx_word' id='word_1_25' title='bbox 294 329 395 366; x_wconf 84' lang='lat' dir='ltr'><strong>partes</strong></span> <span class='ocrx_word' id='word_1_26' title='bbox 415 327 479 364; x_wconf 73' lang='lat' dir='ltr'><strong>eJus</strong></span> <span class='ocrx_word' id='word_1_27' title='bbox 500 325 587 354; x_wconf 79' lang='lat' dir='ltr'><strong>etiam</strong></span> <span class='ocrx_word' id='word_1_28' title='bbox 608 324 640 354; x_wconf 88' lang='lat' dir='ltr'><strong>in</strong></span> <span class='ocrx_word' id='word_1_29' title='bbox 661 323 757 354; x_wconf 67' lang='lat' dir='ltr'><strong>KidAn</strong></span> <span class='ocrx_word' id='word_1_30' title='bbox 777 324 852 353; x_wconf 84' lang='lat' dir='ltr'><strong>libro</strong></span> <span class='ocrx_word' id='word_1_31' title='bbox 877 333 966 361; x_wconf 88' lang='lat' dir='ltr'><strong>supra</strong></span> <span class='ocrx_word' id='word_1_32' title='bbox 987 323 1106 352; x_wconf 74' lang='lat' dir='ltr'><strong>laudato</strong></span> <span class='ocrx_word' id='word_1_33' title='bbox 1121 324 1221 361; x_wconf 87' lang='lat' dir='ltr'><strong>legun-</strong></span> 
     </span>
     <span class='ocr_line' id='line_1_5' title="bbox 121 374 1221 418; baseline -0.007 -9"><span class='ocrx_word' id='word_1_34' title='bbox 121 382 186 415; x_wconf 87' lang='lat' dir='ltr'><strong>tur;</strong></span> <span class='ocrx_word' id='word_1_35' title='bbox 208 387 352 418; x_wconf 81' lang='lat' dir='ltr'><strong>perpauca</strong></span> <span class='ocrx_word' id='word_1_36' title='bbox 373 387 410 407; x_wconf 87' lang='lat' dir='ltr'><strong>ex</strong></span> <span class='ocrx_word' id='word_1_37' title='bbox 431 387 466 406; x_wconf 92' lang='lat' dir='ltr'><strong>eo</strong></span> <span class='ocrx_word' id='word_1_38' title='bbox 486 376 648 406; x_wconf 85' lang='lat' dir='ltr'><strong>sumsimus.</strong></span> <span class='ocrx_word' id='word_1_39' title='bbox 671 392 713 398; x_wconf 88' lang='lat'><strong>-—</strong></span> <span class='ocrx_word' id='word_1_40' title='bbox 739 375 782 404; x_wconf 89' lang='lat' dir='ltr'><strong>De</strong></span> <span class='ocrx_word' id='word_1_41' title='bbox 803 374 906 413; x_wconf 69' lang='lat' dir='ltr'><strong>Degus</strong></span> <span class='ocrx_word' id='word_1_42' title='bbox 927 377 958 403; x_wconf 88' lang='lat' dir='ltr'><strong>et</strong></span> <span class='ocrx_word' id='word_1_43' title='bbox 980 374 1122 403; x_wconf 68' lang='lat' dir='ltr'><strong>Mavas’et</strong></span> <span class='ocrx_word' id='word_1_44' title='bbox 1147 374 1221 402; x_wconf 78' lang='lat' dir='ltr'><strong>infra</strong></span> 
     </span>
     <span class='ocr_line' id='line_1_6' title="bbox 121 429 305 460; baseline -0.011 0"><span class='ocrx_word' id='word_1_45' title='bbox 121 429 305 460; x_wconf 60' lang='lat' dir='ltr'><strong>Mabitur.</strong></span> 
     </span>
    </p>

    <p class='ocr_par' dir='ltr' id='par_1_3' title="bbox 98 474 1223 976">
     <span class='ocr_line' id='line_1_7' title="bbox 206 474 1222 518; baseline -0.008 -8"><span class='ocrx_word' id='word_1_46' title='bbox 206 481 238 518; x_wconf 88' lang='lat' dir='ltr'><strong>b)</strong></span> <span class='ocrx_word' id='word_1_47' title='bbox 260 481 286 510; x_wconf 82' lang='lat' dir='ltr'><strong>E</strong></span> <span class='ocrx_word' id='word_1_48' title='bbox 307 480 394 510; x_wconf 74' lang='lat' dir='ltr'><strong>libris</strong></span> <span class='ocrx_word' id='word_1_49' title='bbox 415 479 567 516; x_wconf 67' lang='lat' dir='ltr'><strong>emeticis</strong></span> <span class='ocrx_word' id='word_1_50' title='bbox 580 478 738 516; x_wconf 77' lang='lat' dir='ltr'><strong>delegimus</strong></span> <span class='ocrx_word' id='word_1_51' title='bbox 755 476 992 514; x_wconf 75' lang='lat' dir='ltr'><strong>Chrysostomum</strong></span> <span class='ocrx_word' id='word_1_52' title='bbox 1015 475 1033 504; x_wconf 92' lang='lat' dir='ltr'><strong>i.</strong></span> <span class='ocrx_word' id='word_1_53' title='bbox 1056 485 1080 503; x_wconf 86' lang='lat' dir='ltr'><strong>e.</strong></span> <span class='ocrx_word' id='word_1_54' title='bbox 1102 474 1222 504; x_wconf 87' lang='lat' dir='ltr'><strong>Joannis</strong></span> 
     </span>
     <span class='ocr_line' id='line_1_8' title="bbox 98 525 1222 568; baseline -0.008 -6"><span class='ocrx_word' id='word_1_55' title='bbox 98 555 104 561; x_wconf 90' lang='lat'><strong>.</strong></span> <span class='ocrx_word' id='word_1_56' title='bbox 121 530 321 568; x_wconf 72' lang='lat' dir='ltr'><strong>chrysostomi</strong></span> <span class='ocrx_word' id='word_1_57' title='bbox 341 529 473 559; x_wconf 86' lang='lat' dir='ltr'><strong>homilias</strong></span> <span class='ocrx_word' id='word_1_58' title='bbox 500 529 531 558; x_wconf 89' lang='lat' dir='ltr'><strong>in</strong></span> <span class='ocrx_word' id='word_1_59' title='bbox 553 529 635 558; x_wconf 87' lang='lat' dir='ltr'><strong>Pauli</strong></span> <span class='ocrx_word' id='word_1_60' title='bbox 663 528 815 566; x_wconf 87' lang='lat' dir='ltr'><strong>epistolam</strong></span> <span class='ocrx_word' id='word_1_61' title='bbox 843 527 880 556; x_wconf 85' lang='lat' dir='ltr'><strong>ad</strong></span> <span class='ocrx_word' id='word_1_62' title='bbox 909 526 1058 556; x_wconf 83' lang='lat' dir='ltr'><strong>Hebraeos</strong></span> <span class='ocrx_word' id='word_1_63' title='bbox 1087 525 1222 560; x_wconf 83' lang='lat' dir='ltr'>XXXIV,</span> 
     </span>
     <span class='ocr_line' id='line_1_9' title="bbox 121 576 1222 616; baseline -0.008 -4"><span class='ocrx_word' id='word_1_64' title='bbox 121 581 178 612; x_wconf 80' lang='lat' dir='ltr'><strong>sub</strong></span> <span class='ocrx_word' id='word_1_65' title='bbox 198 581 313 611; x_wconf 89' lang='lat' dir='ltr'><strong>initium</strong></span> <span class='ocrx_word' id='word_1_66' title='bbox 335 581 441 611; x_wconf 83' lang='lat' dir='ltr'><strong>saeculi</strong></span> <span class='ocrx_word' id='word_1_67' title='bbox 462 579 540 610; x_wconf 71' lang='lat' dir='ltr'>XVI*</span> <span class='ocrx_word' id='word_1_68' title='bbox 561 590 597 609; x_wconf 87' lang='lat' dir='ltr'><strong>ex</strong></span> <span class='ocrx_word' id='word_1_69' title='bbox 619 580 742 609; x_wconf 85' lang='lat' dir='ltr'><strong>Arabica</strong></span> <span class='ocrx_word' id='word_1_70' title='bbox 764 578 895 608; x_wconf 82' lang='lat' dir='ltr'><strong>versione</strong></span> <span class='ocrx_word' id='word_1_71' title='bbox 921 577 1048 616; x_wconf 84' lang='lat' dir='ltr'><strong>(saeculo</strong></span> <span class='ocrx_word' id='word_1_72' title='bbox 1069 576 1113 605; x_wconf 89' lang='lat' dir='ltr'><strong>XI</strong></span> <span class='ocrx_word' id='word_1_73' title='bbox 1134 576 1222 613; x_wconf 81' lang='lat' dir='ltr'><strong>facta)</strong></span> 
     </span>
     <span class='ocr_line' id='line_1_10' title="bbox 121 628 1223 666; baseline -0.008 -3"><span class='ocrx_word' id='word_1_74' title='bbox 121 633 153 662; x_wconf 80' lang='lat' dir='ltr'><strong>in</strong></span> <span class='ocrx_word' id='word_1_75' title='bbox 174 632 249 663; x_wconf 61' lang='lat' dir='ltr'><strong>Gen</strong></span> <span class='ocrx_word' id='word_1_76' title='bbox 269 632 434 662; x_wconf 79' lang='lat' dir='ltr'><strong>translatas.</strong></span> <span class='ocrx_word' id='word_1_77' title='bbox 479 631 551 661; x_wconf 91' lang='lat' dir='ltr'><strong>Cum</strong></span> <span class='ocrx_word' id='word_1_78' title='bbox 572 631 700 660; x_wconf 81' lang='lat' dir='ltr'><strong>editione</strong></span> <span class='ocrx_word' id='word_1_79' title='bbox 715 630 824 660; x_wconf 84' lang='lat' dir='ltr'><strong>Graeca</strong></span> <span class='ocrx_word' id='word_1_80' title='bbox 845 628 1005 658; x_wconf 70' lang='lat' dir='ltr'><strong>accuratius</strong></span> <span class='ocrx_word' id='word_1_81' title='bbox 1020 637 1106 666; x_wconf 87' lang='lat' dir='ltr'><strong>quam</strong></span> <span class='ocrx_word' id='word_1_82' title='bbox 1121 635 1223 664; x_wconf 82' lang='lat' dir='ltr'><strong>exspe-</strong></span> 
     </span>
     <span class='ocr_line' id='line_1_11' title="bbox 122 678 1223 720; baseline -0.008 -6"><span class='ocrx_word' id='word_1_83' title='bbox 122 683 246 715; x_wconf 58' lang='lat' dir='ltr'><strong>amris</strong></span> <span class='ocrx_word' id='word_1_84' title='bbox 266 683 463 719; x_wconf 59' lang='lat' dir='ltr'><strong>consentium</strong></span> <span class='ocrx_word' id='word_1_85' title='bbox 484 682 572 712; x_wconf 85' lang='lat' dir='ltr'><strong>dictio</strong></span> <span class='ocrx_word' id='word_1_86' title='bbox 593 691 768 720; x_wconf 77' lang='lat' dir='ltr'><strong>qumquam</strong></span> <span class='ocrx_word' id='word_1_87' title='bbox 787 681 825 709; x_wconf 87' lang='lat' dir='ltr'><strong>ad</strong></span> <span class='ocrx_word' id='word_1_88' title='bbox 840 680 1024 709; x_wconf 85' lang='lat' dir='ltr'><strong>Arabismum</strong></span> <span class='ocrx_word' id='word_1_89' title='bbox 1037 678 1134 716; x_wconf 84' lang='lat' dir='ltr'><strong>vergit</strong></span> <span class='ocrx_word' id='word_1_90' title='bbox 1150 686 1223 716; x_wconf 87' lang='lat' dir='ltr'><strong>pure</strong></span> 
     </span>
     <span class='ocr_line' id='line_1_12' title="bbox 121 728 1222 774; baseline -0.008 -9"><span class='ocrx_word' id='word_1_91' title='bbox 121 734 291 774; x_wconf 77' lang='lat' dir='ltr'><strong>Aethiopica</strong></span> <span class='ocrx_word' id='word_1_92' title='bbox 312 737 359 764; x_wconf 79' lang='lat' dir='ltr'><strong>est</strong></span> <span class='ocrx_word' id='word_1_93' title='bbox 379 744 431 763; x_wconf 86' lang='lat' dir='ltr'><strong>nec</strong></span> <span class='ocrx_word' id='word_1_94' title='bbox 451 733 507 762; x_wconf 87' lang='lat' dir='ltr'><strong>nisi</strong></span> <span class='ocrx_word' id='word_1_95' title='bbox 529 733 676 762; x_wconf 70' lang='lat' dir='ltr'><strong>rarissime</strong></span> <span class='ocrx_word' id='word_1_96' title='bbox 704 741 863 762; x_wconf 86' lang='lat' dir='ltr'><strong>sermonem</strong></span> <span class='ocrx_word' id='word_1_97' title='bbox 890 730 1075 760; x_wconf 83' lang='lat' dir='ltr'><strong>Amharicum</strong></span> <span class='ocrx_word' id='word_1_98' title='bbox 1101 728 1222 758; x_wconf 81' lang='lat' dir='ltr'><strong>redolet.</strong></span> 
     </span>
     <span class='ocr_line' id='line_1_13' title="bbox 121 783 1222 824; baseline -0.008 -8"><span class='ocrx_word' id='word_1_99' title='bbox 121 785 260 824; x_wconf 77' lang='lat' dir='ltr'><strong>Singulae</strong></span> <span class='ocrx_word' id='word_1_100' title='bbox 281 785 415 814; x_wconf 81' lang='lat' dir='ltr'><strong>homiliae</strong></span> <span class='ocrx_word' id='word_1_101' title='bbox 436 784 545 814; x_wconf 84' lang='lat' dir='ltr'><strong>divisae</strong></span> <span class='ocrx_word' id='word_1_102' title='bbox 567 787 635 813; x_wconf 86' lang='lat' dir='ltr'><strong>sunt</strong></span> <span class='ocrx_word' id='word_1_103' title='bbox 657 784 687 812; x_wconf 91' lang='lat' dir='ltr'><strong>in</strong></span> <span class='ocrx_word' id='word_1_104' title='bbox 709 784 781 812; x_wconf 83' lang='lat' dir='ltr'><strong>duas</strong></span> <span class='ocrx_word' id='word_1_105' title='bbox 810 787 924 821; x_wconf 84' lang='lat' dir='ltr'><strong>partes,</strong></span> <span class='ocrx_word' id='word_1_106' title='bbox 951 791 988 811; x_wconf 88' lang='lat' dir='ltr'><strong>sc.</strong></span> <span class='ocrx_word' id='word_1_107' title='bbox 1018 783 1131 819; x_wconf 84' lang='lat' dir='ltr'><strong>partem</strong></span> <span class='ocrx_word' id='word_1_108' title='bbox 1157 789 1222 808; x_wconf 87' lang='lat' dir='ltr'><strong>exe-</strong></span> 
     </span>
     <span class='ocr_line' id='line_1_14' title="bbox 122 825 1223 876; baseline -0.007 0"><span class='ocrx_word' id='word_1_109' title='bbox 122 835 246 876; x_wconf 68' lang='lat' dir='ltr'><strong>sutioem</strong></span> <span class='ocrx_word' id='word_1_110' title='bbox 272 829 472 874; x_wconf 58' lang='lat' dir='ltr'><strong>(kausa),</strong></span> <span class='ocrx_word' id='word_1_111' title='bbox 498 839 530 864; x_wconf 71' lang='lat' dir='ltr'><strong>et</strong></span> <span class='ocrx_word' id='word_1_112' title='bbox 555 835 766 874; x_wconf 57' lang='lat' dir='ltr'><strong>paraeneticen</strong></span> <span class='ocrx_word' id='word_1_113' title='bbox 795 825 1016 871; x_wconf 57' lang='grc' dir='ltr'><strong>(Μνικὼ</strong></span> <span class='ocrx_word' id='word_1_114' title='bbox 1043 831 1123 860; x_wconf 75' lang='lat' dir='ltr'><strong>ium</strong></span> <span class='ocrx_word' id='word_1_115' title='bbox 1150 830 1223 868; x_wconf 71' lang='lat' dir='ltr'><strong>siglo</strong></span> 
     </span>
     <span class='ocr_line' id='line_1_15' title="bbox 120 881 1222 925; baseline -0.006 -8"><span class='ocrx_word' id='word_1_116' title='bbox 120 887 225 924; x_wconf 69' lang='lat' dir='ltr'><strong>Hom,</strong></span> <span class='ocrx_word' id='word_1_117' title='bbox 257 886 332 916; x_wconf 83' lang='lat' dir='ltr'><strong>hanc</strong></span> <span class='ocrx_word' id='word_1_118' title='bbox 360 888 447 925; x_wconf 68' lang='lat' dir='ltr'><strong>Taqs.</strong></span> <span class='ocrx_word' id='word_1_119' title='bbox 474 886 669 925; x_wconf 75' lang='lat' dir='ltr'><strong>allegavimus.</strong></span> <span class='ocrx_word' id='word_1_120' title='bbox 720 886 812 916; x_wconf 87' lang='lat' dir='ltr'><strong>Usum</strong></span> <span class='ocrx_word' id='word_1_121' title='bbox 839 884 956 914; x_wconf 81' lang='lat' dir='ltr'><strong>fecimus</strong></span> <span class='ocrx_word' id='word_1_122' title='bbox 985 883 1089 913; x_wconf 84' lang='lat' dir='ltr'><strong>codicis</strong></span> <span class='ocrx_word' id='word_1_123' title='bbox 1113 881 1222 911; x_wconf 84' lang='lat' dir='ltr'><strong>Tubin—</strong></span> 
     </span>
     <span class='ocr_line' id='line_1_16' title="bbox 120 934 1055 976; baseline -0.003 -9"><span class='ocrx_word' id='word_1_124' title='bbox 120 937 232 976; x_wconf 78' lang='lat' dir='ltr'><strong>gensis,</strong></span> <span class='ocrx_word' id='word_1_125' title='bbox 253 937 477 974; x_wconf 71' lang='lat' dir='ltr'><strong>membranacei,</strong></span> <span class='ocrx_word' id='word_1_126' title='bbox 507 939 566 967; x_wconf 88' lang='lat'><strong>150</strong></span> <span class='ocrx_word' id='word_1_127' title='bbox 589 937 738 972; x_wconf 75' lang='lat' dir='ltr'><strong>foliorum¹</strong></span> <span class='ocrx_word' id='word_1_128' title='bbox 759 936 915 975; x_wconf 80' lang='lat' dir='ltr'><strong>diligenter</strong></span> <span class='ocrx_word' id='word_1_129' title='bbox 935 934 1055 965; x_wconf 83' lang='lat' dir='ltr'><strong>exarati.</strong></span> 
     </span>
    </p>

    <p class='ocr_par' dir='ltr' id='par_1_4' title="bbox 206 983 1222 1025">
     <span class='ocr_line' id='line_1_17' title="bbox 206 983 1222 1025; baseline -0.005 -7"><span class='ocrx_word' id='word_1_130' title='bbox 206 989 235 1025; x_wconf 84' lang='lat' dir='ltr'><strong>c)</strong></span> <span class='ocrx_word' id='word_1_131' title='bbox 256 988 300 1018; x_wconf 86' lang='lat' dir='ltr'><strong>De</strong></span> <span class='ocrx_word' id='word_1_132' title='bbox 314 989 401 1018; x_wconf 84' lang='lat' dir='ltr'><strong>rebus</strong></span> <span class='ocrx_word' id='word_1_133' title='bbox 423 990 595 1018; x_wconf 63' lang='lat' dir='ltr'><strong>„conasticis</strong></span> <span class='ocrx_word' id='word_1_134' title='bbox 615 991 761 1017; x_wconf 80' lang='lat' dir='ltr'><strong>tractatur</strong></span> <span class='ocrx_word' id='word_1_135' title='bbox 785 987 815 1016; x_wconf 88' lang='lat' dir='ltr'><strong>in</strong></span> <span class='ocrx_word' id='word_1_136' title='bbox 837 987 925 1023; x_wconf 86' lang='lat' dir='ltr'><strong>libro,</strong></span> <span class='ocrx_word' id='word_1_137' title='bbox 947 985 998 1024; x_wconf 86' lang='lat' dir='ltr'><strong>qui</strong></span> <span class='ocrx_word' id='word_1_138' title='bbox 1013 985 1165 1015; x_wconf 68' lang='lat' dir='ltr'><strong>Phileoeius</strong></span> <span class='ocrx_word' id='word_1_139' title='bbox 1179 983 1222 1012; x_wconf 87' lang='lat' dir='ltr'><strong>in-</strong></span> 
     </span>
    </p>
   </div>
   <div class='ocr_carea' id='block_1_3' title="bbox 65 1035 1222 1078">
    <p class='ocr_par' dir='ltr' id='par_1_5' title="bbox 65 1035 1222 1078">
     <span class='ocr_line' id='line_1_18' title="bbox 65 1035 1222 1078; baseline -0.006 -8"><span class='ocrx_word' id='word_1_140' title='bbox 65 1059 68 1062; x_wconf 83' lang='lat'><strong>·</strong></span> <span class='ocrx_word' id='word_1_141' title='bbox 121 1038 248 1078; x_wconf 62' lang='lat' dir='ltr'><strong>scriptus</strong></span> <span class='ocrx_word' id='word_1_142' title='bbox 269 1042 327 1076; x_wconf 85' lang='lat' dir='ltr'><strong>est,</strong></span> <span class='ocrx_word' id='word_1_143' title='bbox 349 1040 404 1068; x_wconf 88' lang='lat' dir='ltr'><strong>sub</strong></span> <span class='ocrx_word' id='word_1_144' title='bbox 426 1039 539 1068; x_wconf 88' lang='lat' dir='ltr'><strong>initium</strong></span> <span class='ocrx_word' id='word_1_145' title='bbox 562 1039 667 1068; x_wconf 87' lang='lat' dir='ltr'><strong>saeculi</strong></span> <span class='ocrx_word' id='word_1_146' title='bbox 689 1039 758 1068; x_wconf 88' lang='lat' dir='ltr'><strong>XlV</strong></span> <span class='ocrx_word' id='word_1_147' title='bbox 780 1038 811 1067; x_wconf 89' lang='lat' dir='ltr'><strong>in</strong></span> <span class='ocrx_word' id='word_1_148' title='bbox 832 1038 907 1067; x_wconf 72' lang='lat' dir='ltr'><strong>Geez</strong></span> <span class='ocrx_word' id='word_1_149' title='bbox 929 1037 1088 1072; x_wconf 87' lang='lat' dir='ltr'><strong>translato,</strong></span> <span class='ocrx_word' id='word_1_150' title='bbox 1114 1035 1150 1064; x_wconf 89' lang='lat' dir='ltr'><strong>de</strong></span> <span class='ocrx_word' id='word_1_151' title='bbox 1165 1044 1222 1073; x_wconf 93' lang='lat' dir='ltr'><strong>quo</strong></span> 
     </span>
    </p>
   </div>
   <div class='ocr_carea' id='block_1_4' title="bbox 114 1087 1224 3068">
    <p class='ocr_par' dir='ltr' id='par_1_6' title="bbox 117 1087 1224 1332">
     <span class='ocr_line' id='line_1_19' title="bbox 120 1087 1221 1130; baseline -0.003 -10"><span class='ocrx_word' id='word_1_152' title='bbox 120 1089 180 1120; x_wconf 72' lang='lat' dir='ltr'><strong>vid.</strong></span> <span class='ocrx_word' id='word_1_153' title='bbox 206 1090 359 1130; x_wconf 70' lang='grc' dir='ltr'>Βείίῐὼῐίᾒ</span> <span class='ocrx_word' id='word_1_154' title='bbox 389 1094 436 1122; x_wconf 79' lang='lat' dir='ltr'><strong>bet</strong></span> <span class='ocrx_word' id='word_1_155' title='bbox 470 1091 606 1129; x_wconf 61' lang='lat' dir='ltr'><strong>beutfdyen</strong></span> <span class='ocrx_word' id='word_1_156' title='bbox 640 1089 904 1130; x_wconf 64' lang='lat' dir='ltr'><strong>motgenlfinbifdpeu</strong></span> <span class='ocrx_word' id='word_1_157' title='bbox 936 1087 1111 1128; x_wconf 67' lang='grc' dir='ltr'><strong>ΘεῙεΠῙῴαῗῑ</strong></span> <span class='ocrx_word' id='word_1_158' title='bbox 1142 1087 1221 1116; x_wconf 83' lang='lat'>1847</span> 
     </span>
     <span class='ocr_line' id='line_1_20' title="bbox 121 1138 1223 1180; baseline -0.008 -6"><span class='ocrx_word' id='word_1_159' title='bbox 121 1141 180 1174; x_wconf 64' lang='lat' dir='ltr'><strong>Bb.</strong></span> <span class='ocrx_word' id='word_1_160' title='bbox 207 1144 220 1171; x_wconf 86' lang='lat'>1</span> <span class='ocrx_word' id='word_1_161' title='bbox 252 1141 294 1174; x_wconf 65' lang='grc' dir='ltr'><strong>ὃ.</strong></span> <span class='ocrx_word' id='word_1_162' title='bbox 318 1142 358 1171; x_wconf 81' lang='grc'><strong>24</strong></span> <span class='ocrx_word' id='word_1_163' title='bbox 380 1142 410 1180; x_wconf 67' lang='grc' dir='ltr'><strong>ἦ.</strong></span> <span class='ocrx_word' id='word_1_164' title='bbox 461 1141 652 1170; x_wconf 87' lang='lat' dir='ltr'><strong>Adhibuimus</strong></span> <span class='ocrx_word' id='word_1_165' title='bbox 679 1140 802 1170; x_wconf 86' lang='lat' dir='ltr'><strong>codicem</strong></span> <span class='ocrx_word' id='word_1_166' title='bbox 831 1138 1089 1177; x_wconf 77' lang='lat' dir='ltr'><strong>Stuttgartiensem</strong></span> <span class='ocrx_word' id='word_1_167' title='bbox 1115 1138 1223 1176; x_wconf 90' lang='lat' dir='ltr'><strong>(quon-</strong></span> 
     </span>
     <span class='ocr_line' id='line_1_21' title="bbox 121 1189 1223 1230; baseline -0.005 -8"><span class='ocrx_word' id='word_1_168' title='bbox 121 1192 189 1222; x_wconf 72' lang='lat' dir='ltr'><strong>dm</strong></span> <span class='ocrx_word' id='word_1_169' title='bbox 209 1191 448 1230; x_wconf 65' lang='grc' dir='ltr'><strong>Τιὼὶιιςουωω),</strong></span> <span class='ocrx_word' id='word_1_170' title='bbox 475 1195 507 1221; x_wconf 85' lang='lat' dir='ltr'><strong>et</strong></span> <span class='ocrx_word' id='word_1_171' title='bbox 527 1191 657 1230; x_wconf 82' lang='lat' dir='ltr'><strong>singulos</strong></span> <span class='ocrx_word' id='word_1_172' title='bbox 686 1191 764 1220; x_wconf 87' lang='lat' dir='ltr'><strong>locos</strong></span> <span class='ocrx_word' id='word_1_173' title='bbox 793 1189 949 1220; x_wconf 85' lang='lat' dir='ltr'><strong>secundum</strong></span> <span class='ocrx_word' id='word_1_174' title='bbox 976 1189 1107 1218; x_wconf 83' lang='lat' dir='ltr'><strong>ordinem</strong></span> <span class='ocrx_word' id='word_1_175' title='bbox 1136 1198 1223 1227; x_wconf 88' lang='lat' dir='ltr'><strong>quae-</strong></span> 
     </span>
     <span class='ocr_line' id='line_1_22' title="bbox 120 1240 1224 1281; baseline -0.003 -9"><span class='ocrx_word' id='word_1_176' title='bbox 120 1242 247 1273; x_wconf 70' lang='lat' dir='ltr'><strong>stionum</strong></span> <span class='ocrx_word' id='word_1_177' title='bbox 270 1245 332 1272; x_wconf 83' lang='lat'><strong>244</strong></span> <span class='ocrx_word' id='word_1_178' title='bbox 354 1243 385 1272; x_wconf 90' lang='lat' dir='ltr'><strong>in</strong></span> <span class='ocrx_word' id='word_1_179' title='bbox 406 1242 460 1272; x_wconf 87' lang='lat' dir='ltr'><strong>hoe</strong></span> <span class='ocrx_word' id='word_1_180' title='bbox 482 1243 556 1272; x_wconf 81' lang='lat' dir='ltr'><strong>libro</strong></span> <span class='ocrx_word' id='word_1_181' title='bbox 578 1241 796 1281; x_wconf 85' lang='lat' dir='ltr'><strong>propositarum</strong></span> <span class='ocrx_word' id='word_1_182' title='bbox 816 1240 1011 1280; x_wconf 76' lang='lat' dir='ltr'><strong>allegavimus.</strong></span> <span class='ocrx_word' id='word_1_183' title='bbox 1036 1257 1074 1263; x_wconf 89' lang='lat'>—</span> <span class='ocrx_word' id='word_1_184' title='bbox 1102 1240 1145 1270; x_wconf 87' lang='lat' dir='ltr'><strong>De</strong></span> <span class='ocrx_word' id='word_1_185' title='bbox 1165 1240 1224 1269; x_wconf 80' lang='lat' dir='ltr'><strong>Re-</strong></span> 
     </span>
     <span class='ocr_line' id='line_1_23' title="bbox 117 1292 718 1332; baseline -0.003 -8"><span class='ocrx_word' id='word_1_186' title='bbox 117 1294 193 1332; x_wconf 60' lang='lat' dir='ltr'><strong>puto</strong></span> <span class='ocrx_word' id='word_1_187' title='bbox 214 1293 367 1324; x_wconf 63' lang='lat' dir='ltr'><strong>Puer-omis·</strong></span> <span class='ocrx_word' id='word_1_188' title='bbox 387 1293 446 1324; x_wconf 80' lang='lat' dir='ltr'><strong>vid.</strong></span> <span class='ocrx_word' id='word_1_189' title='bbox 467 1303 558 1332; x_wconf 86' lang='lat' dir='ltr'><strong>supra</strong></span> <span class='ocrx_word' id='word_1_190' title='bbox 580 1293 632 1322; x_wconf 90' lang='lat' dir='ltr'><strong>col.</strong></span> <span class='ocrx_word' id='word_1_191' title='bbox 655 1292 718 1322; x_wconf 82' lang='lat' dir='ltr'><strong>vn.</strong></span> 
     </span>
    </p>

    <p class='ocr_par' dir='ltr' id='par_1_7' title="bbox 117 1343 1224 2302">
     <span class='ocr_line' id='line_1_24' title="bbox 143 1343 1224 1384; baseline -0.003 -10"><span class='ocrx_word' id='word_1_192' title='bbox 143 1361 161 1368; x_wconf 47' lang='lat' dir='ltr'><strong>»r</strong></span> <span class='ocrx_word' id='word_1_193' title='bbox 205 1345 239 1383; x_wconf 80' lang='lat' dir='ltr'><strong>d)</strong></span> <span class='ocrx_word' id='word_1_194' title='bbox 261 1344 287 1374; x_wconf 88' lang='grc' dir='ltr'><strong>Ε</strong></span> <span class='ocrx_word' id='word_1_195' title='bbox 303 1344 384 1374; x_wconf 86' lang='lat' dir='ltr'><strong>libris</strong></span> <span class='ocrx_word' id='word_1_196' title='bbox 405 1345 456 1384; x_wconf 90' lang='lat' dir='ltr'><strong>qui</strong></span> <span class='ocrx_word' id='word_1_197' title='bbox 470 1345 507 1374; x_wconf 83' lang='lat' dir='ltr'><strong>ad</strong></span> <span class='ocrx_word' id='word_1_198' title='bbox 522 1344 698 1382; x_wconf 77' lang='lat' dir='ltr'><strong>theologiam</strong></span> <span class='ocrx_word' id='word_1_199' title='bbox 714 1345 911 1381; x_wconf 59' lang='lat' dir='ltr'><strong>dogmaticam</strong></span> <span class='ocrx_word' id='word_1_200' title='bbox 925 1343 1084 1383; x_wconf 81' lang='lat' dir='ltr'><strong>pertinent,</strong></span> <span class='ocrx_word' id='word_1_201' title='bbox 1107 1345 1224 1382; x_wconf 86' lang='lat' dir='ltr'><strong>praeter</strong></span> 
     </span>
     <span class='ocr_line' id='line_1_25' title="bbox 119 1395 1224 1435; baseline -0.003 -9"><span class='ocrx_word' id='word_1_202' title='bbox 119 1395 260 1435; x_wconf 62' lang='lat' dir='ltr'><strong>Opillum</strong></span> <span class='ocrx_word' id='word_1_203' title='bbox 280 1395 330 1434; x_wconf 77' lang='lat' dir='ltr'><strong>(de</strong></span> <span class='ocrx_word' id='word_1_204' title='bbox 345 1406 404 1434; x_wconf 89' lang='lat' dir='ltr'><strong>quo</strong></span> <span class='ocrx_word' id='word_1_205' title='bbox 419 1396 477 1426; x_wconf 83' lang='lat' dir='ltr'><strong>vid.</strong></span> <span class='ocrx_word' id='word_1_206' title='bbox 495 1405 585 1435; x_wconf 85' lang='lat' dir='ltr'><strong>supra</strong></span> <span class='ocrx_word' id='word_1_207' title='bbox 600 1396 653 1425; x_wconf 91' lang='lat' dir='ltr'><strong>col.</strong></span> <span class='ocrx_word' id='word_1_208' title='bbox 671 1396 752 1433; x_wconf 82' lang='lat' dir='ltr'><strong>VH),</strong></span> <span class='ocrx_word' id='word_1_209' title='bbox 774 1395 968 1434; x_wconf 78' lang='lat' dir='ltr'><strong>excerpsimus</strong></span> <span class='ocrx_word' id='word_1_210' title='bbox 983 1395 1089 1424; x_wconf 88' lang='lat' dir='ltr'><strong>librum</strong></span> <span class='ocrx_word' id='word_1_211' title='bbox 1103 1403 1224 1432; x_wconf 84' lang='lat' dir='ltr'><strong>magnae</strong></span> 
     </span>
     <span class='ocr_line' id='line_1_26' title="bbox 120 1445 1224 1486; baseline -0.004 -8"><span class='ocrx_word' id='word_1_212' title='bbox 120 1447 206 1479; x_wconf 79' lang='lat' dir='ltr'><strong>molis</strong></span> <span class='ocrx_word' id='word_1_213' title='bbox 225 1447 456 1483; x_wconf 82' lang='lat' dir='ltr'><strong>celeberrimum,</strong></span> <span class='ocrx_word' id='word_1_214' title='bbox 477 1447 528 1486; x_wconf 87' lang='lat' dir='ltr'><strong>qui</strong></span> <span class='ocrx_word' id='word_1_215' title='bbox 543 1447 841 1477; x_wconf 68' lang='lat' dir='ltr'><strong>Haimcim‘zta-Abau</strong></span> <span class='ocrx_word' id='word_1_216' title='bbox 856 1446 1014 1486; x_wconf 84' lang='lat' dir='ltr'><strong>inscriptus</strong></span> <span class='ocrx_word' id='word_1_217' title='bbox 1035 1449 1080 1475; x_wconf 87' lang='lat' dir='ltr'><strong>est</strong></span> <span class='ocrx_word' id='word_1_218' title='bbox 1101 1445 1151 1484; x_wconf 88' lang='lat' dir='ltr'><strong>(de</strong></span> <span class='ocrx_word' id='word_1_219' title='bbox 1165 1455 1224 1483; x_wconf 89' lang='lat' dir='ltr'><strong>quo</strong></span> 
     </span>
     <span class='ocr_line' id='line_1_27' title="bbox 121 1497 1223 1537; baseline -0.004 -8"><span class='ocrx_word' id='word_1_220' title='bbox 121 1497 220 1529; x_wconf 73' lang='lat' dir='ltr'><strong>videte</strong></span> <span class='ocrx_word' id='word_1_221' title='bbox 241 1498 308 1528; x_wconf 72' lang='lat' dir='ltr'><strong>lieet</strong></span> <span class='ocrx_word' id='word_1_222' title='bbox 330 1498 503 1537; x_wconf 70' lang='lat' dir='ltr'><strong>catalogum</strong></span> <span class='ocrx_word' id='word_1_223' title='bbox 525 1498 594 1528; x_wconf 85' lang='lat' dir='ltr'><strong>cod.</strong></span> <span class='ocrx_word' id='word_1_224' title='bbox 618 1498 704 1528; x_wconf 88' lang='lat' dir='ltr'><strong>Aeth.</strong></span> <span class='ocrx_word' id='word_1_225' title='bbox 727 1497 802 1527; x_wconf 78' lang='lat' dir='ltr'><strong>Mus.</strong></span> <span class='ocrx_word' id='word_1_226' title='bbox 824 1498 896 1527; x_wconf 84' lang='lat' dir='ltr'><strong>Brit.</strong></span> <span class='ocrx_word' id='word_1_227' title='bbox 919 1508 948 1537; x_wconf 88' lang='lat' dir='ltr'><strong>p.</strong></span> <span class='ocrx_word' id='word_1_228' title='bbox 974 1500 1058 1528; x_wconf 83' lang='grc'><strong>13-</strong></span> <span class='ocrx_word' id='word_1_229' title='bbox 1072 1498 1138 1535; x_wconf 85' lang='grc'>19),</span> <span class='ocrx_word' id='word_1_230' title='bbox 1165 1507 1223 1526; x_wconf 89' lang='lat' dir='ltr'><strong>non</strong></span> 
     </span>
     <span class='ocr_line' id='line_1_28' title="bbox 121 1547 1223 1588; baseline -0.002 -9"><span class='ocrx_word' id='word_1_231' title='bbox 121 1551 217 1579; x_wconf 60' lang='lat' dir='ltr'><strong>totum</strong></span> <span class='ocrx_word' id='word_1_232' title='bbox 237 1548 290 1579; x_wconf 75' lang='lat' dir='ltr'><strong>scd</strong></span> <span class='ocrx_word' id='word_1_233' title='bbox 310 1549 440 1588; x_wconf 81' lang='lat' dir='ltr'><strong>singulas</strong></span> <span class='ocrx_word' id='word_1_234' title='bbox 462 1552 576 1579; x_wconf 85' lang='lat' dir='ltr'><strong>tantum</strong></span> <span class='ocrx_word' id='word_1_235' title='bbox 598 1551 661 1588; x_wconf 89' lang='lat' dir='ltr'><strong>ejus</strong></span> <span class='ocrx_word' id='word_1_236' title='bbox 683 1551 796 1588; x_wconf 82' lang='lat' dir='ltr'><strong>partes,</strong></span> <span class='ocrx_word' id='word_1_237' title='bbox 822 1559 946 1588; x_wconf 88' lang='lat' dir='ltr'><strong>quarum</strong></span> <span class='ocrx_word' id='word_1_238' title='bbox 973 1548 1143 1588; x_wconf 87' lang='lat' dir='ltr'><strong>apographa</strong></span> <span class='ocrx_word' id='word_1_239' title='bbox 1172 1547 1223 1577; x_wconf 81' lang='lat' dir='ltr'><strong>ha-</strong></span> 
     </span>
     <span class='ocr_line' id='line_1_29' title="bbox 120 1599 1223 1639; baseline -0.002 -9"><span class='ocrx_word' id='word_1_240' title='bbox 120 1599 222 1630; x_wconf 80' lang='lat' dir='ltr'><strong>bemus</strong></span> <span class='ocrx_word' id='word_1_241' title='bbox 243 1610 259 1630; x_wconf 90' lang='lat' dir='ltr'><strong>e</strong></span> <span class='ocrx_word' id='word_1_242' title='bbox 281 1600 377 1630; x_wconf 82' lang='lat' dir='ltr'><strong>codice</strong></span> <span class='ocrx_word' id='word_1_243' title='bbox 401 1600 547 1639; x_wconf 83' lang='lat' dir='ltr'><strong>quondam</strong></span> <span class='ocrx_word' id='word_1_244' title='bbox 574 1600 604 1630; x_wconf 91' lang='lat' dir='ltr'><strong>in</strong></span> <span class='ocrx_word' id='word_1_245' title='bbox 626 1600 805 1630; x_wconf 73' lang='lat' dir='ltr'><strong>Bibliotheca</strong></span> <span class='ocrx_word' id='word_1_246' title='bbox 826 1600 978 1630; x_wconf 87' lang='lat' dir='ltr'><strong>Societatis</strong></span> <span class='ocrx_word' id='word_1_247' title='bbox 1001 1599 1100 1629; x_wconf 85' lang='lat' dir='ltr'><strong>Indiae</strong></span> <span class='ocrx_word' id='word_1_248' title='bbox 1122 1599 1223 1629; x_wconf 86' lang='lat' dir='ltr'><strong>Orien-</strong></span> 
     </span>
     <span class='ocr_line' id='line_1_30' title="bbox 119 1650 1222 1690; baseline -0.002 -9"><span class='ocrx_word' id='word_1_249' title='bbox 119 1651 190 1681; x_wconf 77' lang='lat' dir='ltr'><strong>talis</strong></span> <span class='ocrx_word' id='word_1_250' title='bbox 210 1651 335 1682; x_wconf 66' lang='lat' dir='ltr'><strong>landini</strong></span> <span class='ocrx_word' id='word_1_251' title='bbox 357 1655 515 1681; x_wconf 73' lang='lat' dir='ltr'><strong>asservato.</strong></span> <span class='ocrx_word' id='word_1_252' title='bbox 559 1651 639 1681; x_wconf 81' lang='lat' dir='ltr'><strong>Duos</strong></span> <span class='ocrx_word' id='word_1_253' title='bbox 659 1651 772 1680; x_wconf 86' lang='lat' dir='ltr'><strong>libellos</strong></span> <span class='ocrx_word' id='word_1_254' title='bbox 799 1651 849 1690; x_wconf 86' lang='lat' dir='ltr'><strong>qui</strong></span> <span class='ocrx_word' id='word_1_255' title='bbox 875 1651 905 1680; x_wconf 91' lang='lat' dir='ltr'><strong>in</strong></span> <span class='ocrx_word' id='word_1_256' title='bbox 927 1661 961 1680; x_wconf 90' lang='lat' dir='ltr'><strong>eo</strong></span> <span class='ocrx_word' id='word_1_257' title='bbox 984 1651 1158 1681; x_wconf 81' lang='lat' dir='ltr'><strong>exhibentur</strong></span> <span class='ocrx_word' id='word_1_258' title='bbox 1186 1650 1222 1679; x_wconf 88' lang='lat' dir='ltr'><strong>de</strong></span> 
     </span>
     <span class='ocr_line' id='line_1_31' title="bbox 119 1701 1222 1742; baseline -0.001 -11"><span class='ocrx_word' id='word_1_259' title='bbox 119 1702 208 1732; x_wconf 88' lang='lat' dir='ltr'><strong>rebus</strong></span> <span class='ocrx_word' id='word_1_260' title='bbox 229 1702 401 1741; x_wconf 76' lang='lat' dir='ltr'><strong>dogmaticis</strong></span> <span class='ocrx_word' id='word_1_261' title='bbox 423 1704 505 1742; x_wconf 89' lang='lat' dir='ltr'><strong>(sunt</strong></span> <span class='ocrx_word' id='word_1_262' title='bbox 526 1702 613 1732; x_wconf 82' lang='lat' dir='ltr'><strong>Fides</strong></span> <span class='ocrx_word' id='word_1_263' title='bbox 634 1702 734 1732; x_wconf 78' lang='lat' dir='ltr'><strong>Jacobi</strong></span> <span class='ocrx_word' id='word_1_264' title='bbox 757 1702 896 1732; x_wconf 83' lang='lat' dir='ltr'><strong>Baradaei</strong></span> <span class='ocrx_word' id='word_1_265' title='bbox 926 1705 956 1731; x_wconf 93' lang='lat' dir='ltr'><strong>et</strong></span> <span class='ocrx_word' id='word_1_266' title='bbox 983 1701 1159 1731; x_wconf 77' lang='lat' dir='ltr'><strong>Athanasius</strong></span> <span class='ocrx_word' id='word_1_267' title='bbox 1186 1701 1222 1729; x_wconf 92' lang='lat' dir='ltr'><strong>de</strong></span> 
     </span>
     <span class='ocr_line' id='line_1_32' title="bbox 119 1752 1221 1794; baseline -0.002 -10"><span class='ocrx_word' id='word_1_268' title='bbox 119 1753 277 1791; x_wconf 74' lang='lat' dir='ltr'><strong>Trinitatc)</strong></span> <span class='ocrx_word' id='word_1_269' title='bbox 304 1763 356 1783; x_wconf 88' lang='lat' dir='ltr'><strong>nec</strong></span> <span class='ocrx_word' id='word_1_270' title='bbox 381 1764 440 1783; x_wconf 89' lang='lat' dir='ltr'><strong>non</strong></span> <span class='ocrx_word' id='word_1_271' title='bbox 466 1753 613 1789; x_wconf 74' lang='lat' dir='ltr'><strong>Masshafa</strong></span> <span class='ocrx_word' id='word_1_272' title='bbox 640 1754 750 1794; x_wconf 71' lang='lat' dir='ltr'><strong>Tomai·</strong></span> <span class='ocrx_word' id='word_1_273' title='bbox 777 1753 858 1793; x_wconf 89' lang='lat' dir='ltr'><strong>operi</strong></span> <span class='ocrx_word' id='word_1_274' title='bbox 884 1754 1044 1793; x_wconf 83' lang='lat' dir='ltr'><strong>praefixum</strong></span> <span class='ocrx_word' id='word_1_275' title='bbox 1070 1753 1157 1783; x_wconf 89' lang='lat' dir='ltr'><strong>etiam</strong></span> <span class='ocrx_word' id='word_1_276' title='bbox 1183 1752 1221 1782; x_wconf 89' lang='lat' dir='ltr'><strong>si-</strong></span> 
     </span>
     <span class='ocr_line' id='line_1_33' title="bbox 118 1804 1221 1844; baseline -0.002 -9"><span class='ocrx_word' id='word_1_277' title='bbox 118 1805 243 1844; x_wconf 77' lang='lat' dir='ltr'><strong>gillatim</strong></span> <span class='ocrx_word' id='word_1_278' title='bbox 275 1804 435 1835; x_wconf 76' lang='lat' dir='ltr'><strong>citavimus.</strong></span> <span class='ocrx_word' id='word_1_279' title='bbox 490 1805 646 1834; x_wconf 81' lang='lat' dir='ltr'><strong>Praeterea</strong></span> <span class='ocrx_word' id='word_1_280' title='bbox 676 1807 771 1834; x_wconf 88' lang='lat' dir='ltr'><strong>totum</strong></span> <span class='ocrx_word' id='word_1_281' title='bbox 801 1808 831 1834; x_wconf 89' lang='lat' dir='ltr'><strong>et</strong></span> <span class='ocrx_word' id='word_1_282' title='bbox 864 1805 1019 1844; x_wconf 85' lang='lat' dir='ltr'><strong>diligenter</strong></span> <span class='ocrx_word' id='word_1_283' title='bbox 1046 1804 1221 1843; x_wconf 85' lang='lat' dir='ltr'><strong>perlegimus</strong></span> 
     </span>
     <span class='ocr_line' id='line_1_34' title="bbox 119 1853 1219 1895; baseline -0.001 -10"><span class='ocrx_word' id='word_1_284' title='bbox 119 1853 483 1894; x_wconf 54' lang='lat' dir='ltr'><strong>Dss‘fflsrflfflci</strong></span> <span class='ocrx_word' id='word_1_285' title='bbox 507 1855 524 1885; x_wconf 83' lang='lat' dir='ltr'><strong>i.</strong></span> <span class='ocrx_word' id='word_1_286' title='bbox 540 1865 564 1884; x_wconf 87' lang='lat' dir='ltr'><strong>e.</strong></span> <span class='ocrx_word' id='word_1_287' title='bbox 586 1856 693 1885; x_wconf 71' lang='lat' dir='ltr'><strong>librum</strong></span> <span class='ocrx_word' id='word_1_288' title='bbox 708 1857 850 1894; x_wconf 74' lang='lat' dir='ltr'><strong>Mysterii</strong></span> <span class='ocrx_word' id='word_1_289' title='bbox 870 1857 922 1895; x_wconf 80' lang='lat' dir='ltr'><strong>(M.</strong></span> <span class='ocrx_word' id='word_1_290' title='bbox 944 1856 1010 1894; x_wconf 71' lang='lat' dir='ltr'><strong>M),</strong></span> <span class='ocrx_word' id='word_1_291' title='bbox 1032 1856 1146 1885; x_wconf 78' lang='lat' dir='ltr'><strong>saectilo</strong></span> <span class='ocrx_word' id='word_1_292' title='bbox 1166 1855 1219 1885; x_wconf 89' lang='lat' dir='ltr'><strong>XV</strong></span> 
     </span>
     <span class='ocr_line' id='line_1_35' title="bbox 117 1906 1220 1947; baseline -0.004 -8"><span class='ocrx_word' id='word_1_293' title='bbox 117 1910 248 1947; x_wconf 68' lang='lat' dir='ltr'><strong>temporo</strong></span> <span class='ocrx_word' id='word_1_294' title='bbox 269 1906 359 1937; x_wconf 84' lang='lat' dir='ltr'><strong>Isaaci</strong></span> <span class='ocrx_word' id='word_1_295' title='bbox 382 1907 458 1946; x_wconf 83' lang='lat' dir='ltr'><strong>regis</strong></span> <span class='ocrx_word' id='word_1_296' title='bbox 478 1908 523 1945; x_wconf 81' lang='lat' dir='ltr'><strong>(at</strong></span> <span class='ocrx_word' id='word_1_297' title='bbox 544 1907 700 1937; x_wconf 87' lang='lat' dir='ltr'><strong>secundum</strong></span> <span class='ocrx_word' id='word_1_298' title='bbox 720 1907 881 1938; x_wconf 80' lang='lat' dir='ltr'><strong>chronicon</strong></span> <span class='ocrx_word' id='word_1_299' title='bbox 903 1907 958 1946; x_wconf 83' lang='lat' dir='ltr'><strong>Liq</strong></span> <span class='ocrx_word' id='word_1_300' title='bbox 984 1909 1065 1947; x_wconf 69' lang='lat' dir='ltr'><strong>Atqu</strong></span> <span class='ocrx_word' id='word_1_301' title='bbox 1089 1910 1220 1945; x_wconf 86' lang='lat' dir='ltr'><strong>tempore</strong></span> 
     </span>
     <span class='ocr_line' id='line_1_36' title="bbox 117 1957 1219 1998; baseline -0.003 -8"><span class='ocrx_word' id='word_1_302' title='bbox 117 1957 202 1989; x_wconf 69' lang='lat' dir='ltr'><strong>zia-’s</strong></span> <span class='ocrx_word' id='word_1_303' title='bbox 214 1958 306 1990; x_wconf 80' lang='lat' dir='ltr'><strong>Jacob</strong></span> <span class='ocrx_word' id='word_1_304' title='bbox 328 1958 418 1997; x_wconf 86' lang='lat' dir='ltr'><strong>regis)</strong></span> <span class='ocrx_word' id='word_1_305' title='bbox 440 1957 471 1987; x_wconf 91' lang='lat' dir='ltr'><strong>in</strong></span> <span class='ocrx_word' id='word_1_306' title='bbox 485 1957 640 1996; x_wconf 80' lang='lat' dir='ltr'><strong>Abyesinia</strong></span> <span class='ocrx_word' id='word_1_307' title='bbox 655 1968 674 1987; x_wconf 81' lang='lat' dir='ltr'><strong>a</strong></span> <span class='ocrx_word' id='word_1_308' title='bbox 690 1958 814 1997; x_wconf 86' lang='lat' dir='ltr'><strong>Georgio</strong></span> <span class='ocrx_word' id='word_1_309' title='bbox 829 1958 955 1997; x_wconf 89' lang='lat' dir='ltr'><strong>quodam</strong></span> <span class='ocrx_word' id='word_1_310' title='bbox 970 1959 1168 1998; x_wconf 87' lang='lat' dir='ltr'><strong>compositum,</strong></span> <span class='ocrx_word' id='word_1_311' title='bbox 1189 1958 1219 1988; x_wconf 89' lang='lat' dir='ltr'><strong>in</strong></span> 
     </span>
     <span class='ocr_line' id='line_1_37' title="bbox 118 2009 1220 2049; baseline -0.002 -8"><span class='ocrx_word' id='word_1_312' title='bbox 118 2018 177 2049; x_wconf 74' lang='lat' dir='ltr'><strong>quo</strong></span> <span class='ocrx_word' id='word_1_313' title='bbox 192 2011 232 2041; x_wconf 76' lang='lat'><strong>2⁷</strong></span> <span class='ocrx_word' id='word_1_314' title='bbox 248 2009 380 2039; x_wconf 83' lang='lat' dir='ltr'><strong>haereses</strong></span> <span class='ocrx_word' id='word_1_315' title='bbox 394 2009 486 2038; x_wconf 72' lang='lat' dir='ltr'><strong>fusius</strong></span> <span class='ocrx_word' id='word_1_316' title='bbox 501 2012 687 2048; x_wconf 84' lang='lat' dir='ltr'><strong>exponuntur</strong></span> <span class='ocrx_word' id='word_1_317' title='bbox 700 2012 731 2039; x_wconf 90' lang='lat' dir='ltr'><strong>et</strong></span> <span class='ocrx_word' id='word_1_318' title='bbox 745 2010 816 2039; x_wconf 86' lang='lat' dir='ltr'><strong>scite</strong></span> <span class='ocrx_word' id='word_1_319' title='bbox 832 2011 1006 2040; x_wconf 73' lang='lat' dir='ltr'><strong>refutantur.</strong></span> <span class='ocrx_word' id='word_1_320' title='bbox 1032 2010 1131 2040; x_wconf 85' lang='lat' dir='ltr'><strong>Etiam</strong></span> <span class='ocrx_word' id='word_1_321' title='bbox 1143 2012 1220 2039; x_wconf 88' lang='lat' dir='ltr'><strong>stro-</strong></span> 
     </span>
     <span class='ocr_line' id='line_1_38' title="bbox 118 2059 1219 2100; baseline 0 -10"><span class='ocrx_word' id='word_1_322' title='bbox 118 2059 191 2100; x_wconf 74' lang='lat' dir='ltr'><strong>phas</strong></span> <span class='ocrx_word' id='word_1_323' title='bbox 211 2060 340 2100; x_wconf 65' lang='lat' dir='ltr'><strong>poeticas</strong></span> <span class='ocrx_word' id='word_1_324' title='bbox 361 2060 499 2091; x_wconf 85' lang='lat' dir='ltr'><strong>continet.</strong></span> <span class='ocrx_word' id='word_1_325' title='bbox 542 2060 619 2090; x_wconf 80' lang='lat' dir='ltr'><strong>Bene</strong></span> <span class='ocrx_word' id='word_1_326' title='bbox 641 2063 672 2089; x_wconf 87' lang='lat' dir='ltr'><strong>et</strong></span> <span class='ocrx_word' id='word_1_327' title='bbox 693 2060 842 2099; x_wconf 78' lang='lat' dir='ltr'><strong>eleganter</strong></span> <span class='ocrx_word' id='word_1_328' title='bbox 862 2061 1042 2100; x_wconf 84' lang='lat' dir='ltr'><strong>conscriptus</strong></span> <span class='ocrx_word' id='word_1_329' title='bbox 1057 2064 1088 2090; x_wconf 89' lang='lat' dir='ltr'><strong>et</strong></span> <span class='ocrx_word' id='word_1_330' title='bbox 1102 2061 1219 2100; x_wconf 86' lang='lat' dir='ltr'><strong>optimis</strong></span> 
     </span>
     <span class='ocr_line' id='line_1_39' title="bbox 118 2111 1218 2150; baseline -0.002 -7"><span class='ocrx_word' id='word_1_331' title='bbox 118 2111 252 2143; x_wconf 54' lang='lat' dir='ltr'><strong>mehe</strong></span> <span class='ocrx_word' id='word_1_332' title='bbox 274 2111 461 2150; x_wconf 79' lang='lat' dir='ltr'><strong>Aethiopicae</strong></span> <span class='ocrx_word' id='word_1_333' title='bbox 482 2111 675 2142; x_wconf 79' lang='lat' dir='ltr'><strong>monumentis</strong></span> <span class='ocrx_word' id='word_1_334' title='bbox 696 2111 929 2142; x_wconf 74' lang='lat' dir='ltr'><strong>adnumerandus</strong></span> <span class='ocrx_word' id='word_1_335' title='bbox 950 2114 1003 2142; x_wconf 85' lang='lat' dir='ltr'><strong>est.</strong></span> <span class='ocrx_word' id='word_1_336' title='bbox 1054 2112 1097 2142; x_wconf 91' lang='lat' dir='ltr'><strong>De</strong></span> <span class='ocrx_word' id='word_1_337' title='bbox 1120 2122 1154 2141; x_wconf 91' lang='lat' dir='ltr'><strong>eo</strong></span> <span class='ocrx_word' id='word_1_338' title='bbox 1176 2111 1218 2142; x_wconf 85' lang='lat' dir='ltr'><strong>vi-</strong></span> 
     </span>
     <span class='ocr_line' id='line_1_40' title="bbox 119 2162 1217 2205; baseline -0.001 -11"><span class='ocrx_word' id='word_1_339' title='bbox 119 2162 188 2194; x_wconf 79' lang='lat' dir='ltr'><strong>dsre</strong></span> <span class='ocrx_word' id='word_1_340' title='bbox 208 2162 276 2194; x_wconf 81' lang='lat' dir='ltr'><strong>lieet</strong></span> <span class='ocrx_word' id='word_1_341' title='bbox 297 2162 450 2203; x_wconf 65' lang='lat' dir='ltr'><strong>Seitidprift</strong></span> <span class='ocrx_word' id='word_1_342' title='bbox 472 2164 519 2202; x_wconf 70' lang='lat' dir='ltr'><strong>issi·</strong></span> <span class='ocrx_word' id='word_1_343' title='bbox 540 2164 582 2195; x_wconf 78' lang='lat' dir='ltr'><strong>bie</strong></span> <span class='ocrx_word' id='word_1_344' title='bbox 603 2163 700 2196; x_wconf 68' lang='lat' dir='ltr'><strong>Stante</strong></span> <span class='ocrx_word' id='word_1_345' title='bbox 722 2167 771 2195; x_wconf 73' lang='lat' dir='ltr'><strong>bes</strong></span> <span class='ocrx_word' id='word_1_346' title='bbox 786 2164 1012 2205; x_wconf 73' lang='lat' dir='ltr'><strong>ffilergenlsnbes</strong></span> <span class='ocrx_word' id='word_1_347' title='bbox 1032 2165 1110 2193; x_wconf 74' lang='lat'>1844</span> <span class='ocrx_word' id='word_1_348' title='bbox 1126 2163 1181 2196; x_wconf 62' lang='lat' dir='ltr'><strong>ssb.</strong></span> <span class='ocrx_word' id='word_1_349' title='bbox 1200 2165 1217 2193; x_wconf 84' lang='lat'><strong>5</strong></span> 
     </span>
     <span class='ocr_line' id='line_1_41' title="bbox 119 2213 1218 2253; baseline -0.002 -7"><span class='ocrx_word' id='word_1_350' title='bbox 119 2213 161 2247; x_wconf 70' lang='grc' dir='ltr'><strong>Θ.</strong></span> <span class='ocrx_word' id='word_1_351' title='bbox 186 2215 360 2244; x_wconf 63' lang='lat' dir='ltr'><strong>los-198</strong></span> <span class='ocrx_word' id='word_1_352' title='bbox 383 2217 415 2244; x_wconf 85' lang='lat' dir='ltr'><strong>et</strong></span> <span class='ocrx_word' id='word_1_353' title='bbox 435 2213 598 2244; x_wconf 81' lang='lat' dir='ltr'><strong>d&#39;Abbadie</strong></span> <span class='ocrx_word' id='word_1_354' title='bbox 619 2214 778 2252; x_wconf 85' lang='lat' dir='ltr'><strong>Catalogue</strong></span> <span class='ocrx_word' id='word_1_355' title='bbox 799 2224 827 2253; x_wconf 90' lang='lat' dir='ltr'><strong>p.</strong></span> <span class='ocrx_word' id='word_1_356' title='bbox 853 2216 995 2245; x_wconf 74' lang='lat'><strong>54—59.</strong></span> <span class='ocrx_word' id='word_1_357' title='bbox 1046 2214 1097 2245; x_wconf 85' lang='lat' dir='ltr'><strong>Usi</strong></span> <span class='ocrx_word' id='word_1_358' title='bbox 1119 2224 1218 2244; x_wconf 81' lang='lat' dir='ltr'><strong>snmus</strong></span> 
     </span>
     <span class='ocr_line' id='line_1_42' title="bbox 118 2264 826 2302; baseline -0.001 -7"><span class='ocrx_word' id='word_1_359' title='bbox 118 2264 215 2295; x_wconf 80' lang='lat' dir='ltr'><strong>codice</strong></span> <span class='ocrx_word' id='word_1_360' title='bbox 235 2264 392 2295; x_wconf 81' lang='lat' dir='ltr'><strong>Basileensi</strong></span> <span class='ocrx_word' id='word_1_361' title='bbox 413 2265 576 2302; x_wconf 82' lang='lat' dir='ltr'><strong>chartaceo,</strong></span> <span class='ocrx_word' id='word_1_362' title='bbox 600 2267 661 2295; x_wconf 81' lang='grc'><strong>872</strong></span> <span class='ocrx_word' id='word_1_363' title='bbox 683 2265 826 2294; x_wconf 79' lang='lat' dir='ltr'><strong>foliorum.</strong></span> 
     </span>
    </p>

    <p class='ocr_par' dir='ltr' id='par_1_8' title="bbox 116 2311 1217 2559">
     <span class='ocr_line' id='line_1_43' title="bbox 204 2311 1216 2356; baseline -0.002 -11"><span class='ocrx_word' id='word_1_364' title='bbox 204 2315 233 2354; x_wconf 85' lang='lat' dir='ltr'><strong>e)</strong></span> <span class='ocrx_word' id='word_1_365' title='bbox 254 2314 301 2345; x_wconf 85' lang='lat' dir='ltr'><strong>Ad</strong></span> <span class='ocrx_word' id='word_1_366' title='bbox 316 2316 537 2353; x_wconf 59' lang='lat' dir='ltr'><strong>philosophatae</strong></span> <span class='ocrx_word' id='word_1_367' title='bbox 562 2316 690 2355; x_wconf 82' lang='lat' dir='ltr'><strong>pertinet</strong></span> <span class='ocrx_word' id='word_1_368' title='bbox 711 2311 1216 2356; x_wconf 53' lang='grc' dir='ltr'><strong>ωῂὠιιζὴἡᾴηῃίιηῖι</strong></span> 
     </span>
     <span class='ocr_line' id='line_1_44' title="bbox 117 2366 1217 2405; baseline 0.001 -8"><span class='ocrx_word' id='word_1_369' title='bbox 117 2376 169 2397; x_wconf 78' lang='lat' dir='ltr'><strong>seu</strong></span> <span class='ocrx_word' id='word_1_370' title='bbox 182 2366 257 2396; x_wconf 84' lang='lat' dir='ltr'><strong>liber</strong></span> <span class='ocrx_word' id='word_1_371' title='bbox 271 2366 417 2404; x_wconf 51' lang='lat' dir='ltr'><strong>Fata-rsa,</strong></span> <span class='ocrx_word' id='word_1_372' title='bbox 439 2366 489 2405; x_wconf 89' lang='lat' dir='ltr'><strong>qui</strong></span> <span class='ocrx_word' id='word_1_373' title='bbox 511 2377 546 2396; x_wconf 78' lang='lat' dir='ltr'><strong>cx</strong></span> <span class='ocrx_word' id='word_1_374' title='bbox 566 2367 689 2396; x_wconf 81' lang='lat' dir='ltr'><strong>Arabico</strong></span> <span class='ocrx_word' id='word_1_375' title='bbox 709 2378 839 2398; x_wconf 85' lang='lat' dir='ltr'><strong>sermone</strong></span> <span class='ocrx_word' id='word_1_376' title='bbox 855 2368 1014 2398; x_wconf 82' lang='lat' dir='ltr'><strong>translatus</strong></span> <span class='ocrx_word' id='word_1_377' title='bbox 1029 2368 1217 2398; x_wconf 79' lang='lat' dir='ltr'><strong>collectaneus</strong></span> 
     </span>
     <span class='ocr_line' id='line_1_45' title="bbox 116 2417 1216 2458; baseline 0 -9"><span class='ocrx_word' id='word_1_378' title='bbox 116 2417 275 2449; x_wconf 63' lang='lat' dir='ltr'><strong>”aunum</strong></span> <span class='ocrx_word' id='word_1_379' title='bbox 298 2417 551 2456; x_wconf 55' lang='lat' dir='ltr'><strong>sapienter-*dictas</strong></span> <span class='ocrx_word' id='word_1_380' title='bbox 573 2418 823 2458; x_wconf 86' lang='lat' dir='ltr'><strong>(philosophorum</strong></span> <span class='ocrx_word' id='word_1_381' title='bbox 838 2422 868 2447; x_wconf 84' lang='lat' dir='ltr'><strong>et</strong></span> <span class='ocrx_word' id='word_1_382' title='bbox 883 2418 1216 2458; x_wconf 50' lang='lat' dir='ltr'><strong>physicon-amanam-</strong></span> 
     </span>
     <span class='ocr_line' id='line_1_46' title="bbox 116 2467 1216 2510; baseline 0.001 -11"><span class='ocrx_word' id='word_1_383' title='bbox 116 2479 174 2508; x_wconf 85' lang='lat' dir='ltr'><strong>que</strong></span> <span class='ocrx_word' id='word_1_384' title='bbox 195 2468 322 2499; x_wconf 82' lang='lat' dir='ltr'><strong>virorum</strong></span> <span class='ocrx_word' id='word_1_385' title='bbox 345 2472 404 2498; x_wconf 86' lang='lat' dir='ltr'><strong>tam</strong></span> <span class='ocrx_word' id='word_1_386' title='bbox 426 2467 607 2498; x_wconf 85' lang='lat' dir='ltr'><strong>ethnicorum</strong></span> <span class='ocrx_word' id='word_1_387' title='bbox 629 2479 716 2508; x_wconf 86' lang='lat' dir='ltr'><strong>quam</strong></span> <span class='ocrx_word' id='word_1_388' title='bbox 730 2470 907 2499; x_wconf 83' lang='lat' dir='ltr'><strong>Judaeorum</strong></span> <span class='ocrx_word' id='word_1_389' title='bbox 926 2473 956 2499; x_wconf 85' lang='lat' dir='ltr'><strong>et</strong></span> <span class='ocrx_word' id='word_1_390' title='bbox 975 2469 1216 2510; x_wconf 85' lang='lat' dir='ltr'><strong>Christianorum)</strong></span> 
     </span>
     <span class='ocr_line' id='line_1_47' title="bbox 117 2519 1216 2559; baseline 0.002 -9"><span class='ocrx_word' id='word_1_391' title='bbox 117 2519 247 2556; x_wconf 72' lang='lat' dir='ltr'><strong>exhibet3</strong></span> <span class='ocrx_word' id='word_1_392' title='bbox 269 2529 336 2549; x_wconf 85' lang='lat' dir='ltr'><strong>enm</strong></span> <span class='ocrx_word' id='word_1_393' title='bbox 357 2519 476 2557; x_wconf 84' lang='lat' dir='ltr'><strong>legimus</strong></span> <span class='ocrx_word' id='word_1_394' title='bbox 492 2519 521 2548; x_wconf 90' lang='lat' dir='ltr'><strong>in</strong></span> <span class='ocrx_word' id='word_1_395' title='bbox 536 2519 631 2550; x_wconf 87' lang='lat' dir='ltr'><strong>codice</strong></span> <span class='ocrx_word' id='word_1_396' title='bbox 645 2520 823 2559; x_wconf 85' lang='lat' dir='ltr'><strong>Tnbingensi</strong></span> <span class='ocrx_word' id='word_1_397' title='bbox 838 2521 997 2558; x_wconf 83' lang='lat' dir='ltr'><strong>chartaceo,</strong></span> <span class='ocrx_word' id='word_1_398' title='bbox 1019 2523 1059 2552; x_wconf 71' lang='lat'><strong>8⁴</strong></span> <span class='ocrx_word' id='word_1_399' title='bbox 1074 2522 1216 2553; x_wconf 79' lang='lat' dir='ltr'><strong>soliorum.</strong></span> 
     </span>
    </p>

    <p class='ocr_par' dir='ltr' id='par_1_9' title="bbox 114 2569 1216 3068">
     <span class='ocr_line' id='line_1_48' title="bbox 202 2569 1216 2608; baseline 0.004 -10"><span class='ocrx_word' id='word_1_400' title='bbox 202 2569 231 2608; x_wconf 74' lang='lat' dir='ltr'><strong>f)</strong></span> <span class='ocrx_word' id='word_1_401' title='bbox 257 2569 345 2601; x_wconf 70' lang='lat' dir='ltr'><strong>duris</strong></span> <span class='ocrx_word' id='word_1_402' title='bbox 374 2572 470 2602; x_wconf 68' lang='lat' dir='ltr'><strong>cicius</strong></span> <span class='ocrx_word' id='word_1_403' title='bbox 496 2573 523 2600; x_wconf 79' lang='lat' dir='ltr'><strong>ee</strong></span> <span class='ocrx_word' id='word_1_404' title='bbox 549 2571 686 2601; x_wconf 72' lang='lat' dir='ltr'><strong>canonici</strong></span> <span class='ocrx_word' id='word_1_405' title='bbox 706 2571 902 2601; x_wconf 77' lang='lat' dir='ltr'><strong>institutiones</strong></span> <span class='ocrx_word' id='word_1_406' title='bbox 931 2572 1116 2602; x_wconf 84' lang='lat' dir='ltr'><strong>continentur</strong></span> <span class='ocrx_word' id='word_1_407' title='bbox 1142 2573 1216 2603; x_wconf 88' lang='lat' dir='ltr'><strong>libro</strong></span> 
     </span>
     <span class='ocr_line' id='line_1_49' title="bbox 116 2614 1215 2660; baseline 0.004 -10"><span class='ocrx_word' id='word_1_408' title='bbox 116 2614 210 2658; x_wconf 64' lang='lat' dir='ltr'><strong>s&#39;etod</strong></span> <span class='ocrx_word' id='word_1_409' title='bbox 233 2620 365 2660; x_wconf 67' lang='lat' dir='ltr'><strong>Nesea-st,</strong></span> <span class='ocrx_word' id='word_1_410' title='bbox 387 2621 437 2660; x_wconf 86' lang='lat' dir='ltr'><strong>qni</strong></span> <span class='ocrx_word' id='word_1_411' title='bbox 460 2622 578 2651; x_wconf 87' lang='lat' dir='ltr'><strong>ineunte</strong></span> <span class='ocrx_word' id='word_1_412' title='bbox 599 2622 713 2651; x_wconf 78' lang='lat' dir='ltr'><strong>saeculo</strong></span> <span class='ocrx_word' id='word_1_413' title='bbox 735 2622 805 2652; x_wconf 82' lang='lat' dir='ltr'><strong>xm</strong></span> <span class='ocrx_word' id='word_1_414' title='bbox 827 2623 865 2652; x_wconf 85' lang='lat' dir='ltr'><strong>ab</strong></span> <span class='ocrx_word' id='word_1_415' title='bbox 881 2623 946 2652; x_wconf 89' lang='lat' dir='ltr'><strong>Abu</strong></span> <span class='ocrx_word' id='word_1_416' title='bbox 963 2623 1042 2653; x_wconf 78' lang='lat' dir='ltr'><strong>Isaac</strong></span> <span class='ocrx_word' id='word_1_417' title='bbox 1057 2623 1117 2653; x_wconf 83' lang='lat' dir='ltr'><strong>Ben</strong></span> <span class='ocrx_word' id='word_1_418' title='bbox 1133 2624 1215 2654; x_wconf 79' lang='lat' dir='ltr'><strong>Elas—</strong></span> 
     </span>
     <span class='ocr_line' id='line_1_50' title="bbox 117 2670 1215 2712; baseline 0.004 -11"><span class='ocrx_word' id='word_1_419' title='bbox 117 2670 161 2701; x_wconf 76' lang='lat' dir='ltr'><strong>sal</strong></span> <span class='ocrx_word' id='word_1_420' title='bbox 182 2670 212 2701; x_wconf 82' lang='lat' dir='ltr'><strong>in</strong></span> <span class='ocrx_word' id='word_1_421' title='bbox 234 2673 369 2711; x_wconf 72' lang='lat' dir='ltr'><strong>Aegypto</strong></span> <span class='ocrx_word' id='word_1_422' title='bbox 391 2673 512 2703; x_wconf 84' lang='lat' dir='ltr'><strong>Arabico</strong></span> <span class='ocrx_word' id='word_1_423' title='bbox 535 2672 726 2712; x_wconf 85' lang='lat' dir='ltr'><strong>compositus,</strong></span> <span class='ocrx_word' id='word_1_424' title='bbox 747 2673 861 2703; x_wconf 82' lang='lat' dir='ltr'><strong>saeculo</strong></span> <span class='ocrx_word' id='word_1_425' title='bbox 876 2674 928 2703; x_wconf 81' lang='lat' dir='ltr'><strong>XV</strong></span> <span class='ocrx_word' id='word_1_426' title='bbox 951 2673 980 2703; x_wconf 89' lang='lat' dir='ltr'><strong>in</strong></span> <span class='ocrx_word' id='word_1_427' title='bbox 995 2674 1069 2705; x_wconf 69' lang='grc' dir='ltr'><strong>(ἶσοι</strong></span> <span class='ocrx_word' id='word_1_428' title='bbox 1091 2675 1215 2705; x_wconf 82' lang='lat' dir='ltr'><strong>transla-</strong></span> 
     </span>
     <span class='ocr_line' id='line_1_51' title="bbox 117 2721 1215 2763; baseline 0.005 -12"><span class='ocrx_word' id='word_1_429' title='bbox 117 2725 179 2758; x_wconf 84' lang='lat' dir='ltr'><strong>tus,</strong></span> <span class='ocrx_word' id='word_1_430' title='bbox 201 2721 364 2754; x_wconf 80' lang='lat' dir='ltr'><strong>novissimis</strong></span> <span class='ocrx_word' id='word_1_431' title='bbox 388 2724 567 2763; x_wconf 72' lang='lat' dir='ltr'><strong>temporibus</strong></span> <span class='ocrx_word' id='word_1_432' title='bbox 596 2735 614 2754; x_wconf 77' lang='lat' dir='ltr'><strong>a</strong></span> <span class='ocrx_word' id='word_1_433' title='bbox 636 2723 851 2762; x_wconf 78' lang='lat' dir='ltr'><strong>jurisconsultis</strong></span> <span class='ocrx_word' id='word_1_434' title='bbox 871 2725 1023 2763; x_wconf 74' lang='lat' dir='ltr'><strong>Abyssiais</strong></span> <span class='ocrx_word' id='word_1_435' title='bbox 1050 2726 1145 2756; x_wconf 81' lang='lat' dir='ltr'><strong>varias</strong></span> <span class='ocrx_word' id='word_1_436' title='bbox 1171 2737 1215 2756; x_wconf 88' lang='lat' dir='ltr'><strong>re-</strong></span> 
     </span>
     <span class='ocr_line' id='line_1_52' title="bbox 117 2772 1214 2815; baseline 0.005 -13"><span class='ocrx_word' id='word_1_437' title='bbox 117 2772 308 2804; x_wconf 68' lang='lat' dir='ltr'><strong>treet-tione·</strong></span> <span class='ocrx_word' id='word_1_438' title='bbox 328 2778 359 2805; x_wconf 79' lang='lat' dir='ltr'><strong>et</strong></span> <span class='ocrx_word' id='word_1_439' title='bbox 380 2774 595 2806; x_wconf 63' lang='lat' dir='ltr'><strong>innunt-tiones</strong></span> <span class='ocrx_word' id='word_1_440' title='bbox 617 2775 726 2804; x_wconf 77' lang='lat' dir='ltr'><strong>subivit</strong></span> <span class='ocrx_word' id='word_1_441' title='bbox 746 2775 815 2814; x_wconf 79' lang='lat' dir='ltr'><strong>(vid.</strong></span> <span class='ocrx_word' id='word_1_442' title='bbox 837 2774 1008 2815; x_wconf 72' lang='lat' dir='ltr'><strong>catalogum</strong></span> <span class='ocrx_word' id='word_1_443' title='bbox 1035 2777 1104 2807; x_wconf 81' lang='lat' dir='ltr'><strong>Cod-</strong></span> <span class='ocrx_word' id='word_1_444' title='bbox 1131 2778 1214 2808; x_wconf 81' lang='lat' dir='ltr'><strong>Aeth.</strong></span> 
     </span>
     <span class='ocr_line' id='line_1_53' title="bbox 117 2822 1215 2867; baseline 0.005 -14"><span class='ocrx_word' id='word_1_445' title='bbox 117 2822 192 2854; x_wconf 81' lang='lat' dir='ltr'><strong>Bibl.</strong></span> <span class='ocrx_word' id='word_1_446' title='bbox 205 2823 288 2854; x_wconf 84' lang='lat' dir='ltr'><strong>Bodl.</strong></span> <span class='ocrx_word' id='word_1_447' title='bbox 302 2835 332 2864; x_wconf 87' lang='lat' dir='ltr'><strong>p.</strong></span> <span class='ocrx_word' id='word_1_448' title='bbox 347 2827 387 2856; x_wconf 68' lang='lat'><strong>2«</strong></span> <span class='ocrx_word' id='word_1_449' title='bbox 397 2840 433 2849; x_wconf 94' lang='lat'>—</span> <span class='ocrx_word' id='word_1_450' title='bbox 444 2827 501 2864; x_wconf 80' lang='grc' dir='ltr'><strong>8ος</strong></span> <span class='ocrx_word' id='word_1_451' title='bbox 522 2826 683 2856; x_wconf 80' lang='lat' dir='ltr'><strong>d’Abbadic</strong></span> <span class='ocrx_word' id='word_1_452' title='bbox 697 2826 855 2866; x_wconf 75' lang='lat' dir='ltr'><strong>catalogue</strong></span> <span class='ocrx_word' id='word_1_453' title='bbox 868 2837 897 2866; x_wconf 83' lang='lat' dir='ltr'><strong>p.</strong></span> <span class='ocrx_word' id='word_1_454' title='bbox 918 2829 975 2859; x_wconf 76' lang='lat'><strong>18⁴</strong></span> <span class='ocrx_word' id='word_1_455' title='bbox 991 2829 1073 2867; x_wconf 58' lang='grc' dir='ltr'><strong>αφ).</strong></span> <span class='ocrx_word' id='word_1_456' title='bbox 1106 2828 1215 2858; x_wconf 83' lang='lat' dir='ltr'><strong>Dictio-</strong></span> 
     </span>
     <span class='ocr_line' id='line_1_54' title="bbox 118 2873 1214 2918; baseline 0.005 -14"><span class='ocrx_word' id='word_1_457' title='bbox 118 2873 161 2904; x_wconf 87' lang='lat' dir='ltr'><strong>uis</strong></span> <span class='ocrx_word' id='word_1_458' title='bbox 182 2884 288 2912; x_wconf 75' lang='lat' dir='ltr'><strong>genere</strong></span> <span class='ocrx_word' id='word_1_459' title='bbox 313 2886 371 2906; x_wconf 85' lang='lat' dir='ltr'><strong>noa</strong></span> <span class='ocrx_word' id='word_1_460' title='bbox 400 2887 477 2907; x_wconf 85' lang='lat' dir='ltr'><strong>mere</strong></span> <span class='ocrx_word' id='word_1_461' title='bbox 503 2877 690 2917; x_wconf 79' lang='lat' dir='ltr'><strong>Aethiopicae</strong></span> <span class='ocrx_word' id='word_1_462' title='bbox 716 2881 776 2915; x_wconf 82' lang='lat' dir='ltr'><strong>est,</strong></span> <span class='ocrx_word' id='word_1_463' title='bbox 805 2877 855 2907; x_wconf 81' lang='lat' dir='ltr'><strong>sed</strong></span> <span class='ocrx_word' id='word_1_464' title='bbox 880 2877 917 2907; x_wconf 87' lang='lat' dir='ltr'><strong>sd</strong></span> <span class='ocrx_word' id='word_1_465' title='bbox 946 2877 1075 2918; x_wconf 77' lang='lat' dir='ltr'><strong>linguam</strong></span> <span class='ocrx_word' id='word_1_466' title='bbox 1101 2879 1214 2910; x_wconf 78' lang='lat' dir='ltr'><strong>iafimse</strong></span> 
     </span>
     <span class='ocr_line' id='line_1_55' title="bbox 117 2924 1214 2970; baseline 0.005 -15"><span class='ocrx_word' id='word_1_467' title='bbox 117 2924 222 2956; x_wconf 76' lang='lat' dir='ltr'><strong>set-tis</strong></span> <span class='ocrx_word' id='word_1_468' title='bbox 243 2925 371 2957; x_wconf 76' lang='lat' dir='ltr'><strong>inclinat.</strong></span> <span class='ocrx_word' id='word_1_469' title='bbox 416 2927 584 2968; x_wconf 83' lang='lat' dir='ltr'><strong>Exemplar,</strong></span> <span class='ocrx_word' id='word_1_470' title='bbox 610 2939 669 2967; x_wconf 85' lang='lat' dir='ltr'><strong>quo</strong></span> <span class='ocrx_word' id='word_1_471' title='bbox 691 2928 734 2958; x_wconf 90' lang='lat' dir='ltr'><strong>usi</strong></span> <span class='ocrx_word' id='word_1_472' title='bbox 756 2938 870 2966; x_wconf 78' lang='lat' dir='ltr'><strong>sumus,</strong></span> <span class='ocrx_word' id='word_1_473' title='bbox 898 2929 1121 2969; x_wconf 75' lang='lat' dir='ltr'><strong>Buppellisaum</strong></span> <span class='ocrx_word' id='word_1_474' title='bbox 1144 2931 1214 2970; x_wconf 84' lang='lat' dir='ltr'><strong>(vid.</strong></span> 
     </span>
     <span class='ocr_line' id='line_1_56' title="bbox 116 2976 1213 3019; baseline 0.002 -9"><span class='ocrx_word' id='word_1_475' title='bbox 116 2976 242 3016; x_wconf 75' lang='lat' dir='ltr'><strong>Bssppoll</strong></span> <span class='ocrx_word' id='word_1_476' title='bbox 270 2977 352 3017; x_wconf 54' lang='lat' dir='ltr'><strong>&amp;eise</strong></span> <span class='ocrx_word' id='word_1_477' title='bbox 372 2979 430 3012; x_wconf 61' lang='grc' dir='ltr'><strong>Β».</strong></span> <span class='ocrx_word' id='word_1_478' title='bbox 454 2981 473 3010; x_wconf 78' lang='lat'><em>2</em></span> <span class='ocrx_word' id='word_1_479' title='bbox 499 2990 527 3019; x_wconf 85' lang='lat' dir='ltr'><strong>p.</strong></span> <span class='ocrx_word' id='word_1_480' title='bbox 555 2980 740 3016; x_wconf 75' lang='lat'><strong>185—188)</strong></span> <span class='ocrx_word' id='word_1_481' title='bbox 767 2979 1026 3018; x_wconf 84' lang='lat' dir='ltr'><strong>membranseeum,</strong></span> <span class='ocrx_word' id='word_1_482' title='bbox 1051 2981 1107 3011; x_wconf 90' lang='lat' dir='ltr'><strong>sub</strong></span> <span class='ocrx_word' id='word_1_483' title='bbox 1128 2982 1213 3012; x_wconf 80' lang='lat' dir='ltr'><strong>tinem</strong></span> 
     </span>
     <span class='ocr_line' id='line_1_57' title="bbox 114 3026 1211 3068; baseline 0.005 -11"><span class='ocrx_word' id='word_1_484' title='bbox 114 3026 338 3060; x_wconf 54' lang='lat' dir='ltr'><strong>-ealinxvu</strong></span> <span class='ocrx_word' id='word_1_485' title='bbox 367 3032 533 3068; x_wconf 57' lang='lat' dir='ltr'><strong>omum,</strong></span> <span class='ocrx_word' id='word_1_486' title='bbox 562 3032 732 3061; x_wconf 57' lang='lat' dir='ltr'><strong>tumtur</strong></span> <span class='ocrx_word' id='word_1_487' title='bbox 762 3030 796 3061; x_wconf 83' lang='lat' dir='ltr'><strong>in</strong></span> <span class='ocrx_word' id='word_1_488' title='bbox 823 3030 1004 3062; x_wconf 67' lang='lat' dir='ltr'><strong>Bibliotheca</strong></span> <span class='ocrx_word' id='word_1_489' title='bbox 1039 3032 1211 3063; x_wconf 68' lang='lat' dir='ltr'><strong>Franoofur·</strong></span> 
     </span>
    </p>
   </div>
   <div class='ocr_carea' id='block_1_5' title="bbox 1126 111 2364 150">
    <p class='ocr_par' dir='ltr' id='par_1_10' title="bbox 1126 111 2364 150">
     <span class='ocr_line' id='line_1_58' title="bbox 1126 111 2364 150; baseline -0.007 -6"><span class='ocrx_word' id='word_1_490' title='bbox 1126 111 1362 150; x_wconf 81' lang='lat' dir='ltr'><strong>Prolegomena.</strong></span> <span class='ocrx_word' id='word_1_491' title='bbox 2337 121 2364 145; x_wconf 67' lang='lat' dir='ltr'>x</span> 
     </span>
    </p>
   </div>
   <div class='ocr_carea' id='block_1_6' title="bbox 1262 219 2365 3071">
    <p class='ocr_par' dir='ltr' id='par_1_11' title="bbox 1269 219 2365 755">
     <span class='ocr_line' id='line_1_59' title="bbox 1357 219 2363 259; baseline -0.001 -9"><span class='ocrx_word' id='word_1_492' title='bbox 1357 221 1389 259; x_wconf 93' lang='lat' dir='ltr'><strong>g)</strong></span> <span class='ocrx_word' id='word_1_493' title='bbox 1405 221 1514 250; x_wconf 84' lang='lat' dir='ltr'><strong>Multas</strong></span> <span class='ocrx_word' id='word_1_494' title='bbox 1528 230 1611 249; x_wconf 86' lang='lat' dir='ltr'><strong>voces</strong></span> <span class='ocrx_word' id='word_1_495' title='bbox 1625 229 1699 258; x_wconf 84' lang='lat' dir='ltr'><strong>quae</strong></span> <span class='ocrx_word' id='word_1_496' title='bbox 1713 219 1750 248; x_wconf 83' lang='lat' dir='ltr'><strong>ad</strong></span> <span class='ocrx_word' id='word_1_497' title='bbox 1765 219 2012 255; x_wconf 69' lang='lat' dir='ltr'><strong>rnatluemate&#39;cam,</strong></span> <span class='ocrx_word' id='word_1_498' title='bbox 2036 220 2259 255; x_wconf 63' lang='lat' dir='ltr'><strong>astronomiam,</strong></span> <span class='ocrx_word' id='word_1_499' title='bbox 2281 220 2363 249; x_wconf 71' lang='lat' dir='ltr'><strong>cliro-</strong></span> 
     </span>
     <span class='ocr_line' id='line_1_60' title="bbox 1273 270 2363 310; baseline -0.003 -9"><span class='ocrx_word' id='word_1_500' title='bbox 1273 272 1419 308; x_wconf 74' lang='lat' dir='ltr'><strong>noloqiam</strong></span> <span class='ocrx_word' id='word_1_501' title='bbox 1441 271 1587 310; x_wconf 85' lang='lat' dir='ltr'><strong>pertinent</strong></span> <span class='ocrx_word' id='word_1_502' title='bbox 1608 271 1802 309; x_wconf 78' lang='lat' dir='ltr'><strong>excerpsimus</strong></span> <span class='ocrx_word' id='word_1_503' title='bbox 1832 271 1861 307; x_wconf 92' lang='lat' dir='ltr'><strong>l)</strong></span> <span class='ocrx_word' id='word_1_504' title='bbox 1883 280 1919 298; x_wconf 85' lang='lat' dir='ltr'><strong>ex</strong></span> <span class='ocrx_word' id='word_1_505' title='bbox 1940 270 2114 299; x_wconf 60' lang='lat' dir='ltr'><strong>Abas-kaker</strong></span> <span class='ocrx_word' id='word_1_506' title='bbox 2135 280 2222 308; x_wconf 82' lang='lat' dir='ltr'><strong>opere</strong></span> <span class='ocrx_word' id='word_1_507' title='bbox 2244 270 2363 299; x_wconf 85' lang='lat' dir='ltr'><strong>chrono-</strong></span> 
     </span>
     <span class='ocr_line' id='line_1_61' title="bbox 1272 320 2364 360; baseline -0.003 -8"><span class='ocrx_word' id='word_1_508' title='bbox 1272 322 1421 360; x_wconf 63' lang='lat' dir='ltr'><strong>graphicm</strong></span> <span class='ocrx_word' id='word_1_509' title='bbox 1448 323 1561 351; x_wconf 78' lang='lat' dir='ltr'><strong>saeculo</strong></span> <span class='ocrx_word' id='word_1_510' title='bbox 1583 323 1654 351; x_wconf 81' lang='lat' dir='ltr'>XIII</span> <span class='ocrx_word' id='word_1_511' title='bbox 1676 322 1706 350; x_wconf 91' lang='lat' dir='ltr'><strong>in</strong></span> <span class='ocrx_word' id='word_1_512' title='bbox 1727 324 1860 360; x_wconf 75' lang='lat' dir='ltr'><strong>Aegypto</strong></span> <span class='ocrx_word' id='word_1_513' title='bbox 1888 320 2061 359; x_wconf 82' lang='lat' dir='ltr'><strong>composito,</strong></span> <span class='ocrx_word' id='word_1_514' title='bbox 2090 321 2210 358; x_wconf 83' lang='lat' dir='ltr'><strong>posthac</strong></span> <span class='ocrx_word' id='word_1_515' title='bbox 2238 320 2268 350; x_wconf 88' lang='lat' dir='ltr'><strong>in</strong></span> <span class='ocrx_word' id='word_1_516' title='bbox 2290 320 2364 350; x_wconf 74' lang='lat' dir='ltr'><strong>Geez</strong></span> 
     </span>
     <span class='ocr_line' id='line_1_62' title="bbox 1273 371 2364 410; baseline 0 -10"><span class='ocrx_word' id='word_1_517' title='bbox 1273 373 1430 408; x_wconf 83' lang='lat' dir='ltr'><strong>translato,</strong></span> <span class='ocrx_word' id='word_1_518' title='bbox 1457 375 1538 410; x_wconf 85' lang='lat' dir='ltr'><strong>cujus</strong></span> <span class='ocrx_word' id='word_1_519' title='bbox 1560 373 1758 410; x_wconf 74' lang='lat' dir='ltr'><strong>apographum</strong></span> <span class='ocrx_word' id='word_1_520' title='bbox 1780 372 1916 401; x_wconf 85' lang='lat' dir='ltr'><strong>habemus</strong></span> <span class='ocrx_word' id='word_1_521' title='bbox 1938 382 1954 400; x_wconf 88' lang='lat' dir='ltr'><strong>e</strong></span> <span class='ocrx_word' id='word_1_522' title='bbox 1976 371 2070 400; x_wconf 89' lang='lat' dir='ltr'><strong>codice</strong></span> <span class='ocrx_word' id='word_1_523' title='bbox 2092 371 2185 400; x_wconf 70' lang='lat' dir='ltr'><strong>Musei</strong></span> <span class='ocrx_word' id='word_1_524' title='bbox 2207 371 2364 401; x_wconf 75' lang='lat' dir='ltr'><strong>Britannici</strong></span> 
     </span>
     <span class='ocr_line' id='line_1_63' title="bbox 1272 422 2365 460; baseline 0.003 -10"><span class='ocrx_word' id='word_1_525' title='bbox 1272 423 1394 457; x_wconf 62' lang='lat' dir='ltr'><strong>sactum</strong></span> <span class='ocrx_word' id='word_1_526' title='bbox 1417 423 1452 452; x_wconf 90' lang='lat' dir='ltr'><strong>de</strong></span> <span class='ocrx_word' id='word_1_527' title='bbox 1475 434 1508 452; x_wconf 89' lang='lat' dir='ltr'><strong>eo</strong></span> <span class='ocrx_word' id='word_1_528' title='bbox 1530 424 1586 452; x_wconf 84' lang='lat' dir='ltr'><strong>vid.</strong></span> <span class='ocrx_word' id='word_1_529' title='bbox 1609 424 1777 460; x_wconf 82' lang='lat' dir='ltr'><strong>Catalognm</strong></span> <span class='ocrx_word' id='word_1_530' title='bbox 1799 423 1867 452; x_wconf 89' lang='lat' dir='ltr'><strong>Cod.</strong></span> <span class='ocrx_word' id='word_1_531' title='bbox 1890 422 1975 452; x_wconf 80' lang='lat' dir='ltr'><strong>Aeth.</strong></span> <span class='ocrx_word' id='word_1_532' title='bbox 1993 422 2069 451; x_wconf 82' lang='lat' dir='ltr'><strong>Mus.</strong></span> <span class='ocrx_word' id='word_1_533' title='bbox 2085 422 2158 451; x_wconf 83' lang='lat' dir='ltr'><strong>Brit.</strong></span> <span class='ocrx_word' id='word_1_534' title='bbox 2173 432 2199 460; x_wconf 85' lang='lat' dir='ltr'><strong>p.</strong></span> <span class='ocrx_word' id='word_1_535' title='bbox 2216 425 2365 458; x_wconf 74' lang='lat'>41—453</span> 
     </span>
     <span class='ocr_line' id='line_1_64' title="bbox 1275 473 2364 509; baseline 0.002 -8"><span class='ocrx_word' id='word_1_536' title='bbox 1275 473 1306 509; x_wconf 81' lang='lat'><strong>2)</strong></span> <span class='ocrx_word' id='word_1_537' title='bbox 1329 483 1344 502; x_wconf 88' lang='lat' dir='ltr'><strong>e</strong></span> <span class='ocrx_word' id='word_1_538' title='bbox 1367 474 1453 502; x_wconf 86' lang='lat' dir='ltr'><strong>variis</strong></span> <span class='ocrx_word' id='word_1_539' title='bbox 1475 474 1579 502; x_wconf 87' lang='lat' dir='ltr'><strong>libellis</strong></span> <span class='ocrx_word' id='word_1_540' title='bbox 1606 478 1636 502; x_wconf 84' lang='lat' dir='ltr'><strong>et</strong></span> <span class='ocrx_word' id='word_1_541' title='bbox 1664 474 1836 502; x_wconf 83' lang='lat' dir='ltr'><strong>tractatibus</strong></span> <span class='ocrx_word' id='word_1_542' title='bbox 1863 474 1899 502; x_wconf 92' lang='lat' dir='ltr'><strong>de</strong></span> <span class='ocrx_word' id='word_1_543' title='bbox 1922 474 2060 509; x_wconf 63' lang='lat' dir='ltr'><strong>Gerr-,mro</strong></span> <span class='ocrx_word' id='word_1_544' title='bbox 2088 474 2226 503; x_wconf 80' lang='lat' dir='ltr'><strong>ecclcsiae</strong></span> <span class='ocrx_word' id='word_1_545' title='bbox 2246 474 2364 503; x_wconf 72' lang='lat' dir='ltr'><strong>Aethio-</strong></span> 
     </span>
     <span class='ocr_line' id='line_1_65' title="bbox 1269 524 2364 562; baseline 0.001 -10"><span class='ocrx_word' id='word_1_546' title='bbox 1269 525 1370 560; x_wconf 77' lang='lat' dir='ltr'><strong>picae,</strong></span> <span class='ocrx_word' id='word_1_547' title='bbox 1393 524 1442 561; x_wconf 91' lang='lat' dir='ltr'><strong>qui</strong></span> <span class='ocrx_word' id='word_1_548' title='bbox 1464 524 1552 553; x_wconf 85' lang='lat' dir='ltr'><strong>variis</strong></span> <span class='ocrx_word' id='word_1_549' title='bbox 1574 525 1656 553; x_wconf 85' lang='lat' dir='ltr'><strong>libris</strong></span> <span class='ocrx_word' id='word_1_550' title='bbox 1671 525 1739 553; x_wconf 81' lang='lat' dir='ltr'><strong>Mss.</strong></span> <span class='ocrx_word' id='word_1_551' title='bbox 1761 525 1895 561; x_wconf 83' lang='lat' dir='ltr'><strong>(maxime</strong></span> <span class='ocrx_word' id='word_1_552' title='bbox 1915 524 2003 553; x_wconf 88' lang='lat' dir='ltr'><strong>codici</strong></span> <span class='ocrx_word' id='word_1_553' title='bbox 2018 524 2133 561; x_wconf 83' lang='lat' dir='ltr'><strong>Cyrilli,</strong></span> <span class='ocrx_word' id='word_1_554' title='bbox 2154 525 2204 562; x_wconf 88' lang='lat' dir='ltr'><strong>qni</strong></span> <span class='ocrx_word' id='word_1_555' title='bbox 2220 524 2364 562; x_wconf 76' lang='lat' dir='ltr'><strong>quondam</strong></span> 
     </span>
     <span class='ocr_line' id='line_1_66' title="bbox 1274 573 2365 612; baseline 0.002 -10"><span class='ocrx_word' id='word_1_556' title='bbox 1274 573 1304 601; x_wconf 88' lang='lat' dir='ltr'><strong>in</strong></span> <span class='ocrx_word' id='word_1_557' title='bbox 1325 574 1505 603; x_wconf 77' lang='lat' dir='ltr'><strong>Bibliotheca</strong></span> <span class='ocrx_word' id='word_1_558' title='bbox 1526 575 1677 604; x_wconf 85' lang='lat' dir='ltr'><strong>Societatis</strong></span> <span class='ocrx_word' id='word_1_559' title='bbox 1699 575 1796 604; x_wconf 81' lang='lat' dir='ltr'><strong>Indiae</strong></span> <span class='ocrx_word' id='word_1_560' title='bbox 1811 575 1919 604; x_wconf 81' lang='lat' dir='ltr'><strong>Orient.</strong></span> <span class='ocrx_word' id='word_1_561' title='bbox 1935 575 2056 604; x_wconf 82' lang='lat' dir='ltr'><strong>Londini</strong></span> <span class='ocrx_word' id='word_1_562' title='bbox 2075 575 2292 612; x_wconf 67' lang='lat' dir='ltr'><strong>asservabatur)</strong></span> <span class='ocrx_word' id='word_1_563' title='bbox 2313 575 2365 604; x_wconf 82' lang='lat' dir='ltr'><strong>ad-</strong></span> 
     </span>
     <span class='ocr_line' id='line_1_67' title="bbox 1270 624 2364 663; baseline 0.003 -10"><span class='ocrx_word' id='word_1_564' title='bbox 1270 624 1341 661; x_wconf 81' lang='lat' dir='ltr'><strong>jecti</strong></span> <span class='ocrx_word' id='word_1_565' title='bbox 1378 625 1578 661; x_wconf 79' lang='lat' dir='ltr'><strong>inveniuntur,</strong></span> <span class='ocrx_word' id='word_1_566' title='bbox 1616 635 1795 663; x_wconf 88' lang='lat' dir='ltr'><strong>quorumque</strong></span> <span class='ocrx_word' id='word_1_567' title='bbox 1830 625 1946 663; x_wconf 87' lang='lat' dir='ltr'><strong>quidam</strong></span> <span class='ocrx_word' id='word_1_568' title='bbox 1979 627 2007 654; x_wconf 90' lang='lat' dir='ltr'><strong>in</strong></span> <span class='ocrx_word' id='word_1_569' title='bbox 2046 627 2118 656; x_wconf 89' lang='lat' dir='ltr'><strong>Lud.</strong></span> <span class='ocrx_word' id='word_1_570' title='bbox 2154 626 2260 656; x_wconf 73' lang='lat' dir='ltr'><strong>Comsn.</strong></span> <span class='ocrx_word' id='word_1_571' title='bbox 2288 626 2364 656; x_wconf 70' lang='lat' dir='ltr'><strong>Hist-</strong></span> 
     </span>
     <span class='ocr_line' id='line_1_68' title="bbox 1274 676 2364 716; baseline 0.004 -13"><span class='ocrx_word' id='word_1_572' title='bbox 1274 684 1302 713; x_wconf 89' lang='lat' dir='ltr'><strong>p.</strong></span> <span class='ocrx_word' id='word_1_573' title='bbox 1331 676 1392 704; x_wconf 87' lang='lat'><strong>385</strong></span> <span class='ocrx_word' id='word_1_574' title='bbox 1419 686 1478 714; x_wconf 88' lang='lat' dir='ltr'><strong>seq.</strong></span> <span class='ocrx_word' id='word_1_575' title='bbox 1509 679 1540 705; x_wconf 89' lang='lat' dir='ltr'><strong>et</strong></span> <span class='ocrx_word' id='word_1_576' title='bbox 1574 677 1603 704; x_wconf 91' lang='lat' dir='ltr'><strong>in</strong></span> <span class='ocrx_word' id='word_1_577' title='bbox 1633 676 1768 714; x_wconf 88' lang='lat' dir='ltr'><strong>Scaligeri</strong></span> <span class='ocrx_word' id='word_1_578' title='bbox 1799 686 1885 714; x_wconf 87' lang='lat' dir='ltr'><strong>opere</strong></span> <span class='ocrx_word' id='word_1_579' title='bbox 1913 676 1948 705; x_wconf 86' lang='lat' dir='ltr'><strong>de</strong></span> <span class='ocrx_word' id='word_1_580' title='bbox 1980 677 2176 706; x_wconf 75' lang='lat' dir='ltr'><strong>emendatione</strong></span> <span class='ocrx_word' id='word_1_581' title='bbox 2202 681 2364 716; x_wconf 85' lang='lat' dir='ltr'><strong>temporum</strong></span> 
     </span>
     <span class='ocr_line' id='line_1_69' title="bbox 1273 725 1444 755; baseline 0.006 -1"><span class='ocrx_word' id='word_1_582' title='bbox 1273 725 1346 754; x_wconf 87' lang='lat' dir='ltr'><strong>editi</strong></span> <span class='ocrx_word' id='word_1_583' title='bbox 1368 729 1444 755; x_wconf 87' lang='lat' dir='ltr'><strong>sunt.</strong></span> 
     </span>
    </p>

    <p class='ocr_par' dir='ltr' id='par_1_12' title="bbox 1273 776 2365 960">
     <span class='ocr_line' id='line_1_70' title="bbox 1359 776 2364 815; baseline 0.005 -11"><span class='ocrx_word' id='word_1_584' title='bbox 1359 776 1391 815; x_wconf 90' lang='lat' dir='ltr'><strong>h)</strong></span> <span class='ocrx_word' id='word_1_585' title='bbox 1413 778 1560 807; x_wconf 75' lang='lat' dir='ltr'><strong>Nonnulla</strong></span> <span class='ocrx_word' id='word_1_586' title='bbox 1582 780 1659 807; x_wconf 70' lang='lat' dir='ltr'><strong>artis</strong></span> <span class='ocrx_word' id='word_1_587' title='bbox 1680 779 1865 808; x_wconf 76' lang='lat' dir='ltr'><strong>medicinalis</strong></span> <span class='ocrx_word' id='word_1_588' title='bbox 1887 778 2025 807; x_wconf 79' lang='lat' dir='ltr'><strong>vocabula</strong></span> <span class='ocrx_word' id='word_1_589' title='bbox 2051 778 2197 808; x_wconf 80' lang='lat' dir='ltr'><strong>hausimus</strong></span> <span class='ocrx_word' id='word_1_590' title='bbox 2222 789 2238 808; x_wconf 90' lang='lat' dir='ltr'><strong>e</strong></span> <span class='ocrx_word' id='word_1_591' title='bbox 2267 779 2364 809; x_wconf 89' lang='lat' dir='ltr'><strong>libello</strong></span> 
     </span>
     <span class='ocr_line' id='line_1_71' title="bbox 1274 827 2365 868; baseline 0.003 -12"><span class='ocrx_word' id='word_1_592' title='bbox 1274 827 1394 866; x_wconf 88' lang='lat' dir='ltr'><strong>pusillo,</strong></span> <span class='ocrx_word' id='word_1_593' title='bbox 1418 830 1456 858; x_wconf 82' lang='lat'><strong>35</strong></span> <span class='ocrx_word' id='word_1_594' title='bbox 1480 829 1614 858; x_wconf 79' lang='lat' dir='ltr'><strong>foliorum</strong></span> <span class='ocrx_word' id='word_1_595' title='bbox 1629 830 1787 866; x_wconf 61' lang='lat' dir='ltr'><strong>Masshasa</strong></span> <span class='ocrx_word' id='word_1_596' title='bbox 1804 830 1886 858; x_wconf 80' lang='lat' dir='ltr'><strong>Faus</strong></span> <span class='ocrx_word' id='word_1_597' title='bbox 1907 829 1998 863; x_wconf 83' lang='lat' dir='ltr'><strong>dieto,</strong></span> <span class='ocrx_word' id='word_1_598' title='bbox 2021 829 2050 857; x_wconf 90' lang='lat' dir='ltr'><strong>in</strong></span> <span class='ocrx_word' id='word_1_599' title='bbox 2072 829 2169 866; x_wconf 76' lang='lat' dir='ltr'><strong>lingua</strong></span> <span class='ocrx_word' id='word_1_600' title='bbox 2191 830 2365 868; x_wconf 66' lang='lat' dir='ltr'><strong>aethiopico⁴</strong></span> 
     </span>
     <span class='ocr_line' id='line_1_72' title="bbox 1274 878 2364 918; baseline 0.001 -10"><span class='ocrx_word' id='word_1_601' title='bbox 1274 878 1417 908; x_wconf 77' lang='lat' dir='ltr'><strong>amharica</strong></span> <span class='ocrx_word' id='word_1_602' title='bbox 1439 880 1613 918; x_wconf 82' lang='lat' dir='ltr'><strong>conscripto,</strong></span> <span class='ocrx_word' id='word_1_603' title='bbox 1642 881 1691 918; x_wconf 89' lang='lat' dir='ltr'><strong>qui</strong></span> <span class='ocrx_word' id='word_1_604' title='bbox 1713 880 1857 918; x_wconf 86' lang='lat' dir='ltr'><strong>quondam</strong></span> <span class='ocrx_word' id='word_1_605' title='bbox 1880 880 1908 908; x_wconf 92' lang='lat' dir='ltr'><strong>in</strong></span> <span class='ocrx_word' id='word_1_606' title='bbox 1931 880 2107 909; x_wconf 80' lang='lat' dir='ltr'><strong>Bibliotheca</strong></span> <span class='ocrx_word' id='word_1_607' title='bbox 2130 880 2280 909; x_wconf 71' lang='lat' dir='ltr'><strong>societatis</strong></span> <span class='ocrx_word' id='word_1_608' title='bbox 2301 880 2364 910; x_wconf 76' lang='lat' dir='ltr'><strong>lad.</strong></span> 
     </span>
     <span class='ocr_line' id='line_1_73' title="bbox 1273 929 1757 960; baseline 0 -1"><span class='ocrx_word' id='word_1_609' title='bbox 1273 929 1381 960; x_wconf 81' lang='lat' dir='ltr'><strong>Orient.</strong></span> <span class='ocrx_word' id='word_1_610' title='bbox 1401 930 1526 960; x_wconf 90' lang='lat' dir='ltr'><strong>Londini</strong></span> <span class='ocrx_word' id='word_1_611' title='bbox 1545 931 1757 960; x_wconf 81' lang='lat' dir='ltr'><strong>asservabatur.</strong></span> 
     </span>
    </p>

    <p class='ocr_par' dir='ltr' id='par_1_13' title="bbox 1267 981 2365 2661">
     <span class='ocr_line' id='line_1_74' title="bbox 1359 981 2365 1021; baseline 0.002 -11"><span class='ocrx_word' id='word_1_612' title='bbox 1359 981 1382 1019; x_wconf 91' lang='lat' dir='ltr'><strong>i)</strong></span> <span class='ocrx_word' id='word_1_613' title='bbox 1399 982 1552 1011; x_wconf 69' lang='lat' dir='ltr'><strong>Historlea</strong></span> <span class='ocrx_word' id='word_1_614' title='bbox 1576 986 1657 1018; x_wconf 87' lang='lat' dir='ltr'><strong>sunt,</strong></span> <span class='ocrx_word' id='word_1_615' title='bbox 1680 986 1796 1021; x_wconf 88' lang='lat' dir='ltr'><strong>praeter</strong></span> <span class='ocrx_word' id='word_1_616' title='bbox 1811 982 2041 1012; x_wconf 86' lang='lat' dir='ltr'><strong>Abushakeriani</strong></span> <span class='ocrx_word' id='word_1_617' title='bbox 2060 982 2155 1020; x_wconf 81' lang='lat' dir='ltr'><strong>operis</strong></span> <span class='ocrx_word' id='word_1_618' title='bbox 2170 986 2267 1020; x_wconf 80' lang='lat' dir='ltr'><strong>partes</strong></span> <span class='ocrx_word' id='word_1_619' title='bbox 2281 992 2365 1020; x_wconf 84' lang='lat' dir='ltr'><strong>quas-</strong></span> 
     </span>
     <span class='ocr_line' id='line_1_75' title="bbox 1274 1031 2364 1071; baseline 0.003 -11"><span class='ocrx_word' id='word_1_620' title='bbox 1274 1031 1356 1067; x_wconf 85' lang='lat' dir='ltr'><strong>dam,</strong></span> <span class='ocrx_word' id='word_1_621' title='bbox 1378 1031 1452 1060; x_wconf 85' lang='lat' dir='ltr'><strong>liber</strong></span> <span class='ocrx_word' id='word_1_622' title='bbox 1473 1033 1698 1069; x_wconf 69' lang='lat' dir='ltr'><strong>Pswdojoseplii</strong></span> <span class='ocrx_word' id='word_1_623' title='bbox 1712 1037 1742 1062; x_wconf 91' lang='lat' dir='ltr'><strong>et</strong></span> <span class='ocrx_word' id='word_1_624' title='bbox 1756 1033 1916 1062; x_wconf 81' lang='lat' dir='ltr'><strong>Chronicon</strong></span> <span class='ocrx_word' id='word_1_625' title='bbox 1934 1033 2136 1062; x_wconf 86' lang='lat' dir='ltr'><strong>Axumiticum.</strong></span> <span class='ocrx_word' id='word_1_626' title='bbox 2171 1033 2289 1071; x_wconf 79' lang='lat' dir='ltr'><strong>Josephi</strong></span> <span class='ocrx_word' id='word_1_627' title='bbox 2305 1034 2364 1063; x_wconf 85' lang='lat' dir='ltr'><strong>Ben</strong></span> 
     </span>
     <span class='ocr_line' id='line_1_76' title="bbox 1275 1079 2364 1122; baseline 0.002 -10"><span class='ocrx_word' id='word_1_628' title='bbox 1275 1083 1384 1113; x_wconf 91' lang='lat' dir='ltr'><strong>Gorion</strong></span> <span class='ocrx_word' id='word_1_629' title='bbox 1406 1079 1666 1122; x_wconf 50' lang='grc' dir='ltr'><strong>Ιιςῐλβυκὲε</strong></span> <span class='ocrx_word' id='word_1_630' title='bbox 1688 1084 1705 1113; x_wconf 90' lang='lat' dir='ltr'><strong>i.</strong></span> <span class='ocrx_word' id='word_1_631' title='bbox 1729 1095 1752 1113; x_wconf 90' lang='lat' dir='ltr'><strong>e.</strong></span> <span class='ocrx_word' id='word_1_632' title='bbox 1774 1084 1923 1113; x_wconf 82' lang='lat' dir='ltr'><strong>historiam</strong></span> <span class='ocrx_word' id='word_1_633' title='bbox 1937 1084 2114 1113; x_wconf 84' lang='lat' dir='ltr'><strong>Judaeorum</strong></span> <span class='ocrx_word' id='word_1_634' title='bbox 2128 1094 2215 1122; x_wconf 80' lang='lat' dir='ltr'><strong>quae,</strong></span> <span class='ocrx_word' id='word_1_635' title='bbox 2237 1095 2253 1113; x_wconf 90' lang='lat' dir='ltr'><strong>e</strong></span> <span class='ocrx_word' id='word_1_636' title='bbox 2268 1084 2364 1122; x_wconf 77' lang='lat' dir='ltr'><strong>lingua</strong></span> 
     </span>
     <span class='ocr_line' id='line_1_77' title="bbox 1274 1134 2364 1173; baseline 0 -10"><span class='ocrx_word' id='word_1_637' title='bbox 1274 1134 1400 1163; x_wconf 83' lang='lat' dir='ltr'><strong>Arabica</strong></span> <span class='ocrx_word' id='word_1_638' title='bbox 1421 1134 1451 1163; x_wconf 88' lang='lat' dir='ltr'><strong>in</strong></span> <span class='ocrx_word' id='word_1_639' title='bbox 1473 1134 1671 1173; x_wconf 79' lang='lat' dir='ltr'><strong>Aethiopicam</strong></span> <span class='ocrx_word' id='word_1_640' title='bbox 1693 1146 1788 1172; x_wconf 84' lang='lat' dir='ltr'><strong>versa,</strong></span> <span class='ocrx_word' id='word_1_641' title='bbox 1810 1146 1856 1165; x_wconf 86' lang='lat' dir='ltr'><strong>res</strong></span> <span class='ocrx_word' id='word_1_642' title='bbox 1877 1135 2054 1165; x_wconf 82' lang='lat' dir='ltr'><strong>Judaeorum</strong></span> <span class='ocrx_word' id='word_1_643' title='bbox 2077 1135 2142 1164; x_wconf 89' lang='lat' dir='ltr'><strong>inde</strong></span> <span class='ocrx_word' id='word_1_644' title='bbox 2163 1145 2180 1164; x_wconf 85' lang='lat' dir='ltr'><strong>a</strong></span> <span class='ocrx_word' id='word_1_645' title='bbox 2195 1134 2261 1171; x_wconf 79' lang='lat' dir='ltr'><strong>Cyri</strong></span> <span class='ocrx_word' id='word_1_646' title='bbox 2276 1145 2364 1173; x_wconf 79' lang='lat' dir='ltr'><strong>regno</strong></span> 
     </span>
     <span class='ocr_line' id='line_1_78' title="bbox 1274 1185 2365 1224; baseline -0.001 -9"><span class='ocrx_word' id='word_1_647' title='bbox 1274 1195 1366 1224; x_wconf 82' lang='lat' dir='ltr'><strong>usque</strong></span> <span class='ocrx_word' id='word_1_648' title='bbox 1398 1185 1428 1214; x_wconf 88' lang='lat' dir='ltr'><strong>in</strong></span> <span class='ocrx_word' id='word_1_649' title='bbox 1461 1186 1722 1223; x_wconf 82' lang='lat' dir='ltr'><strong>Hierosolymorum</strong></span> <span class='ocrx_word' id='word_1_650' title='bbox 1753 1187 1927 1216; x_wconf 82' lang='lat' dir='ltr'><strong>eversionem</strong></span> <span class='ocrx_word' id='word_1_651' title='bbox 1961 1187 2117 1215; x_wconf 75' lang='lat' dir='ltr'><strong>Romanam</strong></span> <span class='ocrx_word' id='word_1_652' title='bbox 2143 1185 2365 1224; x_wconf 74' lang='lat' dir='ltr'><strong>comprehendit,</strong></span> 
     </span>
     <span class='ocr_line' id='line_1_79' title="bbox 1275 1237 2363 1275; baseline 0.001 -10"><span class='ocrx_word' id='word_1_653' title='bbox 1275 1237 1449 1275; x_wconf 82' lang='lat' dir='ltr'><strong>perlegimus</strong></span> <span class='ocrx_word' id='word_1_654' title='bbox 1471 1237 1500 1265; x_wconf 91' lang='lat' dir='ltr'><strong>in</strong></span> <span class='ocrx_word' id='word_1_655' title='bbox 1523 1237 1618 1266; x_wconf 83' lang='lat' dir='ltr'><strong>codice</strong></span> <span class='ocrx_word' id='word_1_656' title='bbox 1640 1237 1872 1267; x_wconf 81' lang='lat' dir='ltr'><strong>Francofurtensi</strong></span> <span class='ocrx_word' id='word_1_657' title='bbox 1888 1238 1960 1266; x_wconf 91' lang='lat' dir='ltr'><strong>bene</strong></span> <span class='ocrx_word' id='word_1_658' title='bbox 1974 1239 2093 1266; x_wconf 82' lang='lat' dir='ltr'><strong>exarato</strong></span> <span class='ocrx_word' id='word_1_659' title='bbox 2108 1237 2171 1275; x_wconf 83' lang='lat' dir='ltr'><strong>(qui</strong></span> <span class='ocrx_word' id='word_1_660' title='bbox 2187 1247 2214 1275; x_wconf 88' lang='lat' dir='ltr'><strong>p.</strong></span> <span class='ocrx_word' id='word_1_661' title='bbox 2234 1238 2363 1266; x_wconf 80' lang='lat'><strong>1—-269</strong></span> 
     </span>
     <span class='ocr_line' id='line_1_80' title="bbox 1274 1287 2364 1327; baseline -0.001 -10"><span class='ocrx_word' id='word_1_662' title='bbox 1274 1288 1366 1317; x_wconf 86' lang='lat' dir='ltr'><strong>libros</strong></span> <span class='ocrx_word' id='word_1_663' title='bbox 1388 1288 1421 1317; x_wconf 88' lang='lat' dir='ltr'><strong>V.</strong></span> <span class='ocrx_word' id='word_1_664' title='bbox 1443 1289 1475 1317; x_wconf 89' lang='lat' dir='ltr'><strong>T.</strong></span> <span class='ocrx_word' id='word_1_665' title='bbox 1497 1288 1660 1326; x_wconf 86' lang='lat' dir='ltr'><strong>historicos,</strong></span> <span class='ocrx_word' id='word_1_666' title='bbox 1683 1289 1753 1327; x_wconf 85' lang='lat' dir='ltr'><strong>Reg.</strong></span> <span class='ocrx_word' id='word_1_667' title='bbox 1776 1289 1869 1318; x_wconf 85' lang='lat' dir='ltr'><strong>Paral.</strong></span> <span class='ocrx_word' id='word_1_668' title='bbox 1891 1289 1957 1318; x_wconf 85' lang='lat' dir='ltr'><strong>Ezr.</strong></span> <span class='ocrx_word' id='word_1_669' title='bbox 1980 1288 2050 1317; x_wconf 90' lang='lat' dir='ltr'><strong>Tob.</strong></span> <span class='ocrx_word' id='word_1_670' title='bbox 2070 1288 2172 1317; x_wconf 79' lang='lat' dir='ltr'><strong>Judith</strong></span> <span class='ocrx_word' id='word_1_671' title='bbox 2195 1287 2277 1317; x_wconf 80' lang='lat' dir='ltr'><strong>Esth.</strong></span> <span class='ocrx_word' id='word_1_672' title='bbox 2299 1298 2364 1316; x_wconf 87' lang='lat' dir='ltr'><strong>con·</strong></span> 
     </span>
     <span class='ocr_line' id='line_1_81' title="bbox 1274 1339 2365 1378; baseline -0.002 -9"><span class='ocrx_word' id='word_1_673' title='bbox 1274 1339 1363 1378; x_wconf 74' lang='lat' dir='ltr'><strong>tinet)</strong></span> <span class='ocrx_word' id='word_1_674' title='bbox 1384 1349 1412 1378; x_wconf 87' lang='lat' dir='ltr'><strong>p.</strong></span> <span class='ocrx_word' id='word_1_675' title='bbox 1429 1341 1620 1369; x_wconf 85' lang='lat'><strong>272—382.</strong></span> <span class='ocrx_word' id='word_1_676' title='bbox 1664 1339 1752 1368; x_wconf 89' lang='lat' dir='ltr'><strong>Liber</strong></span> <span class='ocrx_word' id='word_1_677' title='bbox 1772 1350 1857 1378; x_wconf 86' lang='lat' dir='ltr'><strong>quem</strong></span> <span class='ocrx_word' id='word_1_678' title='bbox 1879 1340 1932 1369; x_wconf 90' lang='lat' dir='ltr'><strong>sub</strong></span> <span class='ocrx_word' id='word_1_679' title='bbox 1947 1339 2034 1368; x_wconf 89' lang='lat' dir='ltr'><strong>titulo</strong></span> <span class='ocrx_word' id='word_1_680' title='bbox 2051 1339 2187 1369; x_wconf 72' lang='lat' dir='ltr'><strong>Chronica·</strong></span> <span class='ocrx_word' id='word_1_681' title='bbox 2202 1339 2365 1369; x_wconf 63' lang='lat' dir='ltr'><strong>Amemitici</strong></span> 
     </span>
     <span class='ocr_line' id='line_1_82' title="bbox 1275 1390 2361 1427; baseline -0.001 -6"><span class='ocrx_word' id='word_1_682' title='bbox 1275 1390 1426 1421; x_wconf 82' lang='lat' dir='ltr'><strong>citavimus</strong></span> <span class='ocrx_word' id='word_1_683' title='bbox 1447 1393 1492 1420; x_wconf 90' lang='lat' dir='ltr'><strong>est</strong></span> <span class='ocrx_word' id='word_1_684' title='bbox 1513 1390 1603 1420; x_wconf 84' lang='lat' dir='ltr'><strong>codex</strong></span> <span class='ocrx_word' id='word_1_685' title='bbox 1624 1391 1721 1420; x_wconf 80' lang='lat' dir='ltr'>XXVI</span> <span class='ocrx_word' id='word_1_686' title='bbox 1744 1391 1932 1420; x_wconf 86' lang='lat' dir='ltr'><strong>bibliothecae</strong></span> <span class='ocrx_word' id='word_1_687' title='bbox 1954 1391 2141 1425; x_wconf 85' lang='lat' dir='ltr'><strong>Bodleianse,</strong></span> <span class='ocrx_word' id='word_1_688' title='bbox 2167 1400 2224 1427; x_wconf 89' lang='lat' dir='ltr'><strong>quo</strong></span> <span class='ocrx_word' id='word_1_689' title='bbox 2253 1390 2282 1426; x_wconf 91' lang='lat' dir='ltr'><strong>l)</strong></span> <span class='ocrx_word' id='word_1_690' title='bbox 2304 1390 2322 1419; x_wconf 75' lang='lat' dir='ltr'><strong>s.</strong></span> <span class='ocrx_word' id='word_1_691' title='bbox 2348 1393 2361 1420; x_wconf 88' lang='lat'><em>1</em></span> 
     </span>
     <span class='ocr_line' id='line_1_83' title="bbox 1277 1441 2364 1480; baseline -0.003 -8"><span class='ocrx_word' id='word_1_692' title='bbox 1277 1444 1364 1472; x_wconf 85' lang='lat'><strong>—88</strong></span> <span class='ocrx_word' id='word_1_693' title='bbox 1386 1442 1637 1480; x_wconf 85' lang='lat' dir='ltr'><strong>Kebra-Nagast,</strong></span> <span class='ocrx_word' id='word_1_694' title='bbox 1664 1442 1737 1471; x_wconf 89' lang='lat' dir='ltr'><strong>liber</strong></span> <span class='ocrx_word' id='word_1_695' title='bbox 1764 1442 1978 1478; x_wconf 87' lang='lat' dir='ltr'><strong>celeberrimus,</strong></span> <span class='ocrx_word' id='word_1_696' title='bbox 2003 1441 2032 1471; x_wconf 89' lang='lat' dir='ltr'><strong>in</strong></span> <span class='ocrx_word' id='word_1_697' title='bbox 2059 1441 2171 1470; x_wconf 89' lang='lat' dir='ltr'><strong>laudem</strong></span> <span class='ocrx_word' id='word_1_698' title='bbox 2193 1444 2223 1469; x_wconf 89' lang='lat' dir='ltr'><strong>et</strong></span> <span class='ocrx_word' id='word_1_699' title='bbox 2244 1441 2364 1479; x_wconf 81' lang='lat' dir='ltr'><strong>gloriam</strong></span> 
     </span>
     <span class='ocr_line' id='line_1_84' title="bbox 1275 1492 2365 1532; baseline -0.003 -9"><span class='ocrx_word' id='word_1_700' title='bbox 1275 1495 1405 1523; x_wconf 86' lang='lat' dir='ltr'><strong>Axumae</strong></span> <span class='ocrx_word' id='word_1_701' title='bbox 1426 1493 1593 1532; x_wconf 87' lang='lat' dir='ltr'><strong>metropolis</strong></span> <span class='ocrx_word' id='word_1_702' title='bbox 1615 1496 1645 1522; x_wconf 83' lang='lat' dir='ltr'><strong>et</strong></span> <span class='ocrx_word' id='word_1_703' title='bbox 1666 1493 1762 1531; x_wconf 82' lang='lat' dir='ltr'><strong>regiae</strong></span> <span class='ocrx_word' id='word_1_704' title='bbox 1776 1493 1984 1531; x_wconf 84' lang='lat' dir='ltr'><strong>Abyssinorum</strong></span> <span class='ocrx_word' id='word_1_705' title='bbox 1999 1492 2098 1531; x_wconf 81' lang='lat' dir='ltr'><strong>stirpis</strong></span> <span class='ocrx_word' id='word_1_706' title='bbox 2113 1492 2166 1521; x_wconf 84' lang='lat' dir='ltr'><strong>sub</strong></span> <span class='ocrx_word' id='word_1_707' title='bbox 2180 1492 2264 1520; x_wconf 82' lang='lat' dir='ltr'><strong>finem</strong></span> <span class='ocrx_word' id='word_1_708' title='bbox 2280 1492 2365 1520; x_wconf 87' lang='lat' dir='ltr'><strong>medii</strong></span> 
     </span>
     <span class='ocr_line' id='line_1_85' title="bbox 1275 1543 2364 1583; baseline -0.003 -9"><span class='ocrx_word' id='word_1_709' title='bbox 1275 1545 1337 1575; x_wconf 85' lang='lat' dir='ltr'><strong>aevi</strong></span> <span class='ocrx_word' id='word_1_710' title='bbox 1359 1545 1509 1581; x_wconf 82' lang='lat' dir='ltr'><strong>confictus,</strong></span> <span class='ocrx_word' id='word_1_711' title='bbox 1531 1545 1699 1583; x_wconf 75' lang='lat' dir='ltr'><strong>Aethiopica</strong></span> <span class='ocrx_word' id='word_1_712' title='bbox 1721 1545 1794 1574; x_wconf 91' lang='lat' dir='ltr'><strong>bene</strong></span> <span class='ocrx_word' id='word_1_713' title='bbox 1807 1548 1837 1573; x_wconf 88' lang='lat' dir='ltr'><strong>et</strong></span> <span class='ocrx_word' id='word_1_714' title='bbox 1852 1545 1999 1582; x_wconf 81' lang='lat' dir='ltr'><strong>eleganter</strong></span> <span class='ocrx_word' id='word_1_715' title='bbox 2018 1543 2210 1582; x_wconf 85' lang='lat' dir='ltr'><strong>conscriptus,</strong></span> <span class='ocrx_word' id='word_1_716' title='bbox 2236 1543 2267 1579; x_wconf 86' lang='lat'><strong>2)</strong></span> <span class='ocrx_word' id='word_1_717' title='bbox 2288 1543 2308 1571; x_wconf 78' lang='lat' dir='ltr'><strong>f.</strong></span> <span class='ocrx_word' id='word_1_718' title='bbox 2324 1544 2364 1572; x_wconf 82' lang='lat'><strong>89</strong></span> 
     </span>
     <span class='ocr_line' id='line_1_86' title="bbox 1276 1594 2363 1633; baseline -0.004 -7"><span class='ocrx_word' id='word_1_719' title='bbox 1276 1598 1384 1626; x_wconf 89' lang='lat'>—105</span> <span class='ocrx_word' id='word_1_720' title='bbox 1408 1596 1489 1626; x_wconf 85' lang='lat' dir='ltr'><strong>varia</strong></span> <span class='ocrx_word' id='word_1_721' title='bbox 1511 1596 1682 1625; x_wconf 88' lang='lat' dir='ltr'><strong>documenta</strong></span> <span class='ocrx_word' id='word_1_722' title='bbox 1707 1596 1744 1625; x_wconf 88' lang='lat' dir='ltr'><strong>ad</strong></span> <span class='ocrx_word' id='word_1_723' title='bbox 1771 1606 1817 1625; x_wconf 85' lang='lat' dir='ltr'><strong>res</strong></span> <span class='ocrx_word' id='word_1_724' title='bbox 1839 1595 2015 1624; x_wconf 83' lang='lat' dir='ltr'><strong>Axumiticas</strong></span> <span class='ocrx_word' id='word_1_725' title='bbox 2041 1598 2070 1624; x_wconf 87' lang='lat' dir='ltr'><strong>et</strong></span> <span class='ocrx_word' id='word_1_726' title='bbox 2092 1594 2272 1633; x_wconf 77' lang='lat' dir='ltr'><strong>Aethiopicae</strong></span> <span class='ocrx_word' id='word_1_727' title='bbox 2300 1604 2363 1632; x_wconf 90' lang='lat' dir='ltr'><strong>per-</strong></span> 
     </span>
     <span class='ocr_line' id='line_1_87' title="bbox 1273 1645 2362 1686; baseline -0.003 -9"><span class='ocrx_word' id='word_1_728' title='bbox 1273 1647 1396 1677; x_wconf 87' lang='lat' dir='ltr'><strong>tinentia</strong></span> <span class='ocrx_word' id='word_1_729' title='bbox 1417 1648 1590 1677; x_wconf 83' lang='lat' dir='ltr'><strong>exhibentur</strong></span> <span class='ocrx_word' id='word_1_730' title='bbox 1611 1647 1681 1686; x_wconf 81' lang='lat' dir='ltr'><strong>(vid.</strong></span> <span class='ocrx_word' id='word_1_731' title='bbox 1703 1647 1739 1676; x_wconf 90' lang='lat' dir='ltr'><strong>de</strong></span> <span class='ocrx_word' id='word_1_732' title='bbox 1760 1657 1795 1676; x_wconf 89' lang='lat' dir='ltr'><strong>eo</strong></span> <span class='ocrx_word' id='word_1_733' title='bbox 1817 1647 1985 1685; x_wconf 86' lang='lat' dir='ltr'><strong>Catalogum</strong></span> <span class='ocrx_word' id='word_1_734' title='bbox 2008 1646 2078 1676; x_wconf 87' lang='lat' dir='ltr'><strong>Cod.</strong></span> <span class='ocrx_word' id='word_1_735' title='bbox 2100 1646 2168 1675; x_wconf 80' lang='lat' dir='ltr'><strong>Mes.</strong></span> <span class='ocrx_word' id='word_1_736' title='bbox 2188 1645 2271 1674; x_wconf 78' lang='lat' dir='ltr'><strong>Aeth.</strong></span> <span class='ocrx_word' id='word_1_737' title='bbox 2290 1645 2362 1674; x_wconf 87' lang='lat' dir='ltr'><strong>Bibl.</strong></span> 
     </span>
     <span class='ocr_line' id='line_1_88' title="bbox 1272 1696 2362 1738; baseline -0.004 -9"><span class='ocrx_word' id='word_1_738' title='bbox 1272 1699 1355 1729; x_wconf 87' lang='lat' dir='ltr'><strong>Bodl.</strong></span> <span class='ocrx_word' id='word_1_739' title='bbox 1378 1710 1406 1738; x_wconf 89' lang='lat' dir='ltr'><strong>p.</strong></span> <span class='ocrx_word' id='word_1_740' title='bbox 1430 1701 1515 1729; x_wconf 86' lang='lat'><strong>68—-</strong></span> <span class='ocrx_word' id='word_1_741' title='bbox 1528 1700 1588 1735; x_wconf 81' lang='lat'><strong>73).</strong></span> <span class='ocrx_word' id='word_1_742' title='bbox 1639 1699 1733 1736; x_wconf 85' lang='lat' dir='ltr'><strong>Hujus</strong></span> <span class='ocrx_word' id='word_1_743' title='bbox 1755 1698 1858 1727; x_wconf 79' lang='lat' dir='ltr'><strong>codicis</strong></span> <span class='ocrx_word' id='word_1_744' title='bbox 1880 1701 1992 1736; x_wconf 69' lang='lat' dir='ltr'><strong>partem</strong></span> <span class='ocrx_word' id='word_1_745' title='bbox 2019 1696 2171 1736; x_wconf 85' lang='lat' dir='ltr'><strong>plurimam</strong></span> <span class='ocrx_word' id='word_1_746' title='bbox 2191 1696 2362 1735; x_wconf 69' lang='lat' dir='ltr'><strong>descriptam</strong></span> 
     </span>
     <span class='ocr_line' id='line_1_89' title="bbox 1272 1748 2362 1783; baseline -0.002 -4"><span class='ocrx_word' id='word_1_747' title='bbox 1272 1750 1422 1779; x_wconf 87' lang='lat' dir='ltr'><strong>habemus.</strong></span> <span class='ocrx_word' id='word_1_748' title='bbox 1445 1767 1485 1773; x_wconf 89' lang='lat'><strong>—</strong></span> <span class='ocrx_word' id='word_1_749' title='bbox 1514 1750 1650 1780; x_wconf 77' lang='lat' dir='ltr'><strong>Caeteros</strong></span> <span class='ocrx_word' id='word_1_750' title='bbox 1678 1750 1769 1779; x_wconf 82' lang='lat' dir='ltr'><strong>libros</strong></span> <span class='ocrx_word' id='word_1_751' title='bbox 1791 1750 1942 1779; x_wconf 66' lang='lat' dir='ltr'><strong>historicos</strong></span> <span class='ocrx_word' id='word_1_752' title='bbox 1964 1749 2150 1778; x_wconf 73' lang='lat' dir='ltr'><strong>bibliothecae</strong></span> <span class='ocrx_word' id='word_1_753' title='bbox 2171 1748 2362 1783; x_wconf 74' lang='lat' dir='ltr'><strong>Bodleianae,</strong></span> 
     </span>
     <span class='ocr_line' id='line_1_90' title="bbox 1272 1799 2362 1839; baseline -0.004 -8"><span class='ocrx_word' id='word_1_754' title='bbox 1272 1812 1290 1831; x_wconf 90' lang='lat' dir='ltr'><strong>a</strong></span> <span class='ocrx_word' id='word_1_755' title='bbox 1311 1802 1338 1831; x_wconf 88' lang='lat' dir='ltr'><strong>J.</strong></span> <span class='ocrx_word' id='word_1_756' title='bbox 1360 1802 1452 1831; x_wconf 89' lang='lat' dir='ltr'><strong>Bruce</strong></span> <span class='ocrx_word' id='word_1_757' title='bbox 1478 1802 1598 1838; x_wconf 81' lang='lat' dir='ltr'><strong>allatos,</strong></span> <span class='ocrx_word' id='word_1_758' title='bbox 1628 1801 1657 1830; x_wconf 89' lang='lat' dir='ltr'><strong>in</strong></span> <span class='ocrx_word' id='word_1_759' title='bbox 1684 1801 1790 1839; x_wconf 87' lang='lat' dir='ltr'><strong>quibus</strong></span> <span class='ocrx_word' id='word_1_760' title='bbox 1817 1811 1861 1829; x_wconf 87' lang='lat' dir='ltr'><strong>res</strong></span> <span class='ocrx_word' id='word_1_761' title='bbox 1889 1800 2057 1838; x_wconf 78' lang='lat' dir='ltr'><strong>Aethiopiae</strong></span> <span class='ocrx_word' id='word_1_762' title='bbox 2086 1799 2301 1834; x_wconf 83' lang='lat' dir='ltr'><strong>describuntur,</strong></span> <span class='ocrx_word' id='word_1_763' title='bbox 2326 1809 2362 1828; x_wconf 86' lang='lat' dir='ltr'><strong>sc.</strong></span> 
     </span>
     <span class='ocr_line' id='line_1_91' title="bbox 1271 1849 2362 1890; baseline -0.004 -8"><span class='ocrx_word' id='word_1_764' title='bbox 1271 1853 1341 1882; x_wconf 89' lang='lat' dir='ltr'><strong>Cod.</strong></span> <span class='ocrx_word' id='word_1_765' title='bbox 1364 1853 1656 1882; x_wconf 81' lang='lat' dir='ltr'>XXVIII—XXXII</span> <span class='ocrx_word' id='word_1_766' title='bbox 1679 1852 1746 1890; x_wconf 82' lang='lat' dir='ltr'><strong>(vid.</strong></span> <span class='ocrx_word' id='word_1_767' title='bbox 1763 1852 1853 1882; x_wconf 83' lang='lat' dir='ltr'><strong>Catal.</strong></span> <span class='ocrx_word' id='word_1_768' title='bbox 1873 1862 1900 1890; x_wconf 88' lang='lat' dir='ltr'><strong>p.</strong></span> <span class='ocrx_word' id='word_1_769' title='bbox 1918 1852 2080 1888; x_wconf 59' lang='grc' dir='ltr'><strong>’ἰαί-82),</strong></span> <span class='ocrx_word' id='word_1_770' title='bbox 2101 1850 2245 1888; x_wconf 79' lang='lat' dir='ltr'><strong>quondam</strong></span> <span class='ocrx_word' id='word_1_771' title='bbox 2261 1849 2362 1879; x_wconf 83' lang='lat' dir='ltr'><strong>Oxouii</strong></span> 
     </span>
     <span class='ocr_line' id='line_1_92' title="bbox 1271 1901 2362 1943; baseline -0.004 -10"><span class='ocrx_word' id='word_1_772' title='bbox 1271 1905 1490 1943; x_wconf 81' lang='lat' dir='ltr'><strong>peregrinantes</strong></span> <span class='ocrx_word' id='word_1_773' title='bbox 1511 1904 1607 1933; x_wconf 88' lang='lat' dir='ltr'><strong>obiter</strong></span> <span class='ocrx_word' id='word_1_774' title='bbox 1629 1903 1880 1942; x_wconf 83' lang='lat' dir='ltr'><strong>perlustravimus,</strong></span> <span class='ocrx_word' id='word_1_775' title='bbox 1902 1906 1931 1932; x_wconf 89' lang='lat' dir='ltr'><strong>et</strong></span> <span class='ocrx_word' id='word_1_776' title='bbox 1954 1902 2110 1941; x_wconf 80' lang='lat' dir='ltr'><strong>particulas</strong></span> <span class='ocrx_word' id='word_1_777' title='bbox 2131 1901 2268 1939; x_wconf 74' lang='lat' dir='ltr'><strong>quasdam</strong></span> <span class='ocrx_word' id='word_1_778' title='bbox 2291 1902 2362 1938; x_wconf 84' lang='lat' dir='ltr'><strong>(ma-</strong></span> 
     </span>
     <span class='ocr_line' id='line_1_93' title="bbox 1271 1951 2362 1993; baseline -0.004 -8"><span class='ocrx_word' id='word_1_779' title='bbox 1271 1956 1347 1985; x_wconf 86' lang='lat' dir='ltr'><strong>xime</strong></span> <span class='ocrx_word' id='word_1_780' title='bbox 1369 1956 1406 1985; x_wconf 88' lang='lat' dir='ltr'><strong>ad</strong></span> <span class='ocrx_word' id='word_1_781' title='bbox 1429 1966 1475 1985; x_wconf 90' lang='lat' dir='ltr'><strong>res</strong></span> <span class='ocrx_word' id='word_1_782' title='bbox 1497 1955 1674 1993; x_wconf 89' lang='lat' dir='ltr'><strong>antiquiores</strong></span> <span class='ocrx_word' id='word_1_783' title='bbox 1697 1955 1888 1993; x_wconf 74' lang='lat' dir='ltr'><strong>pertinentes)</strong></span> <span class='ocrx_word' id='word_1_784' title='bbox 1909 1953 2123 1992; x_wconf 79' lang='lat' dir='ltr'><strong>descripsimus,</strong></span> <span class='ocrx_word' id='word_1_785' title='bbox 2146 1963 2196 1981; x_wconf 88' lang='lat' dir='ltr'><strong>noc</strong></span> <span class='ocrx_word' id='word_1_786' title='bbox 2211 1962 2268 1982; x_wconf 87' lang='lat' dir='ltr'><strong>non</strong></span> <span class='ocrx_word' id='word_1_787' title='bbox 2283 1951 2362 1981; x_wconf 81' lang='lat' dir='ltr'><strong>varia</strong></span> 
     </span>
     <span class='ocr_line' id='line_1_94' title="bbox 1270 2004 2361 2040; baseline -0.004 -4"><span class='ocrx_word' id='word_1_788' title='bbox 1270 2007 1410 2036; x_wconf 84' lang='lat' dir='ltr'><strong>vocabula</strong></span> <span class='ocrx_word' id='word_1_789' title='bbox 1441 2006 1637 2036; x_wconf 88' lang='lat' dir='ltr'><strong>memorabilia</strong></span> <span class='ocrx_word' id='word_1_790' title='bbox 1669 2006 1698 2035; x_wconf 89' lang='lat' dir='ltr'><strong>in</strong></span> <span class='ocrx_word' id='word_1_791' title='bbox 1731 2006 1841 2035; x_wconf 85' lang='lat' dir='ltr'><strong>schedis</strong></span> <span class='ocrx_word' id='word_1_792' title='bbox 1871 2005 1977 2034; x_wconf 85' lang='lat' dir='ltr'><strong>nostris</strong></span> <span class='ocrx_word' id='word_1_793' title='bbox 2009 2004 2179 2033; x_wconf 79' lang='lat' dir='ltr'><strong>notavimus.</strong></span> <span class='ocrx_word' id='word_1_794' title='bbox 2235 2005 2361 2040; x_wconf 89' lang='lat' dir='ltr'><strong>Quorum</strong></span> 
     </span>
     <span class='ocr_line' id='line_1_95' title="bbox 1270 2054 2362 2097; baseline -0.005 -9"><span class='ocrx_word' id='word_1_795' title='bbox 1270 2061 1471 2097; x_wconf 85' lang='lat' dir='ltr'><strong>excerptorum</strong></span> <span class='ocrx_word' id='word_1_796' title='bbox 1493 2058 1580 2087; x_wconf 84' lang='lat' dir='ltr'><strong>etiam</strong></span> <span class='ocrx_word' id='word_1_797' title='bbox 1602 2058 1633 2087; x_wconf 89' lang='lat' dir='ltr'><strong>in</strong></span> <span class='ocrx_word' id='word_1_798' title='bbox 1656 2058 1746 2086; x_wconf 79' lang='lat' dir='ltr'><strong>lexico</strong></span> <span class='ocrx_word' id='word_1_799' title='bbox 1768 2061 1867 2086; x_wconf 87' lang='lat' dir='ltr'><strong>nostro</strong></span> <span class='ocrx_word' id='word_1_800' title='bbox 1889 2067 1971 2086; x_wconf 88' lang='lat' dir='ltr'><strong>nsum</strong></span> <span class='ocrx_word' id='word_1_801' title='bbox 1995 2055 2124 2091; x_wconf 57' lang='lat' dir='ltr'><strong>scaiman</strong></span> <span class='ocrx_word' id='word_1_802' title='bbox 2146 2064 2196 2084; x_wconf 86' lang='lat' dir='ltr'><strong>eos</strong></span> <span class='ocrx_word' id='word_1_803' title='bbox 2217 2054 2310 2084; x_wconf 88' lang='lat' dir='ltr'><strong>denuo</strong></span> <span class='ocrx_word' id='word_1_804' title='bbox 2332 2058 2362 2084; x_wconf 83' lang='lat' dir='ltr'><strong>et</strong></span> 
     </span>
     <span class='ocr_line' id='line_1_96' title="bbox 1270 2105 2361 2148; baseline -0.004 -9"><span class='ocrx_word' id='word_1_805' title='bbox 1270 2109 1439 2148; x_wconf 82' lang='lat' dir='ltr'><strong>diligentius</strong></span> <span class='ocrx_word' id='word_1_806' title='bbox 1471 2109 1705 2148; x_wconf 85' lang='lat' dir='ltr'><strong>perlegissemus,</strong></span> <span class='ocrx_word' id='word_1_807' title='bbox 1738 2109 1762 2138; x_wconf 83' lang='lat' dir='ltr'><strong>si</strong></span> <span class='ocrx_word' id='word_1_808' title='bbox 1795 2119 1844 2138; x_wconf 84' lang='lat' dir='ltr'><strong>eos</strong></span> <span class='ocrx_word' id='word_1_809' title='bbox 1871 2108 2041 2146; x_wconf 82' lang='lat' dir='ltr'><strong>assequendi</strong></span> <span class='ocrx_word' id='word_1_810' title='bbox 2068 2107 2127 2136; x_wconf 87' lang='lat' dir='ltr'><strong>ulla</strong></span> <span class='ocrx_word' id='word_1_811' title='bbox 2153 2105 2234 2135; x_wconf 84' lang='lat' dir='ltr'><strong>nobis</strong></span> <span class='ocrx_word' id='word_1_812' title='bbox 2260 2105 2361 2135; x_wconf 74' lang='lat' dir='ltr'><strong>fuisset</strong></span> 
     </span>
     <span class='ocr_line' id='line_1_97' title="bbox 1270 2156 2360 2197; baseline -0.005 -7"><span class='ocrx_word' id='word_1_813' title='bbox 1270 2161 1401 2191; x_wconf 81' lang='lat' dir='ltr'><strong>facultas.</strong></span> <span class='ocrx_word' id='word_1_814' title='bbox 1444 2161 1597 2190; x_wconf 80' lang='lat' dir='ltr'><strong>Caeterum</strong></span> <span class='ocrx_word' id='word_1_815' title='bbox 1619 2160 1648 2189; x_wconf 91' lang='lat' dir='ltr'><strong>in</strong></span> <span class='ocrx_word' id='word_1_816' title='bbox 1671 2159 1794 2189; x_wconf 84' lang='lat' dir='ltr'><strong>dictione</strong></span> <span class='ocrx_word' id='word_1_817' title='bbox 1815 2170 1913 2189; x_wconf 90' lang='lat' dir='ltr'><strong>eornm</strong></span> <span class='ocrx_word' id='word_1_818' title='bbox 1935 2159 2039 2197; x_wconf 86' lang='lat' dir='ltr'><strong>quibus</strong></span> <span class='ocrx_word' id='word_1_819' title='bbox 2062 2168 2108 2187; x_wconf 84' lang='lat' dir='ltr'><strong>res</strong></span> <span class='ocrx_word' id='word_1_820' title='bbox 2122 2156 2291 2195; x_wconf 80' lang='lat' dir='ltr'><strong>Aethiopiae</strong></span> <span class='ocrx_word' id='word_1_821' title='bbox 2312 2156 2360 2186; x_wconf 88' lang='lat' dir='ltr'><strong>de-</strong></span> 
     </span>
     <span class='ocr_line' id='line_1_98' title="bbox 1269 2208 2360 2251; baseline -0.005 -9"><span class='ocrx_word' id='word_1_822' title='bbox 1269 2212 1394 2251; x_wconf 76' lang='lat' dir='ltr'><strong>scriptae</strong></span> <span class='ocrx_word' id='word_1_823' title='bbox 1422 2215 1492 2241; x_wconf 86' lang='lat' dir='ltr'><strong>sunt</strong></span> <span class='ocrx_word' id='word_1_824' title='bbox 1520 2212 1658 2241; x_wconf 89' lang='lat' dir='ltr'><strong>librorum</strong></span> <span class='ocrx_word' id='word_1_825' title='bbox 1691 2212 1783 2241; x_wconf 83' lang='lat' dir='ltr'><strong>multa</strong></span> <span class='ocrx_word' id='word_1_826' title='bbox 1815 2214 1883 2240; x_wconf 87' lang='lat' dir='ltr'><strong>sunt</strong></span> <span class='ocrx_word' id='word_1_827' title='bbox 1915 2210 2065 2239; x_wconf 77' lang='lat' dir='ltr'><strong>Ambarica</strong></span> <span class='ocrx_word' id='word_1_828' title='bbox 2097 2208 2241 2243; x_wconf 69' lang='lat' dir='ltr'><strong>immixta,</strong></span> <span class='ocrx_word' id='word_1_829' title='bbox 2271 2217 2360 2246; x_wconf 77' lang='lat' dir='ltr'><strong>qnare</strong></span> 
     </span>
     <span class='ocr_line' id='line_1_99' title="bbox 1269 2254 2359 2302; baseline 0.002 -9"><span class='ocrx_word' id='word_1_830' title='bbox 1269 2263 1405 2302; x_wconf 84' lang='lat' dir='ltr'><strong>Abyssini</strong></span> <span class='ocrx_word' id='word_1_831' title='bbox 1431 2263 1486 2302; x_wconf 90' lang='lat' dir='ltr'><strong>ipsi</strong></span> <span class='ocrx_word' id='word_1_832' title='bbox 1515 2263 1642 2300; x_wconf 80' lang='lat' dir='ltr'><strong>linguam</strong></span> <span class='ocrx_word' id='word_1_833' title='bbox 1669 2263 1771 2292; x_wconf 82' lang='lat' dir='ltr'><strong>horum</strong></span> <span class='ocrx_word' id='word_1_834' title='bbox 1799 2262 1949 2297; x_wconf 86' lang='lat' dir='ltr'><strong>librorum,</strong></span> <span class='ocrx_word' id='word_1_835' title='bbox 1986 2270 2085 2299; x_wconf 73' lang='lat' dir='ltr'><strong>nempe</strong></span> <span class='ocrx_word' id='word_1_836' title='bbox 2118 2254 2359 2297; x_wconf 52' lang='lat' dir='ltr'><strong>&amp;05¹fi&#39;6’„</strong></span> 
     </span>
     <span class='ocr_line' id='line_1_100' title="bbox 1269 2310 2360 2353; baseline -0.005 -9"><span class='ocrx_word' id='word_1_837' title='bbox 1269 2325 1320 2344; x_wconf 86' lang='lat' dir='ltr'><strong>seu</strong></span> <span class='ocrx_word' id='word_1_838' title='bbox 1343 2315 1470 2353; x_wconf 84' lang='lat' dir='ltr'><strong>linguam</strong></span> <span class='ocrx_word' id='word_1_839' title='bbox 1493 2314 1710 2350; x_wconf 70' lang='lat' dir='ltr'><strong>Chremem-um,</strong></span> <span class='ocrx_word' id='word_1_840' title='bbox 1737 2324 1754 2342; x_wconf 88' lang='lat' dir='ltr'><strong>a</strong></span> <span class='ocrx_word' id='word_1_841' title='bbox 1777 2314 1874 2352; x_wconf 83' lang='lat' dir='ltr'><strong>lingua</strong></span> <span class='ocrx_word' id='word_1_842' title='bbox 1903 2323 1969 2341; x_wconf 87' lang='lat' dir='ltr'><strong>vere</strong></span> <span class='ocrx_word' id='word_1_843' title='bbox 1990 2311 2159 2350; x_wconf 82' lang='lat' dir='ltr'><strong>Aethiopica</strong></span> <span class='ocrx_word' id='word_1_844' title='bbox 2184 2310 2360 2348; x_wconf 68' lang='lat' dir='ltr'><strong>distinguens</strong></span> 
     </span>
     <span class='ocr_line' id='line_1_101' title="bbox 1269 2361 2359 2400; baseline -0.006 -4"><span class='ocrx_word' id='word_1_845' title='bbox 1269 2367 1371 2396; x_wconf 79' lang='lat' dir='ltr'><strong>solent.</strong></span> <span class='ocrx_word' id='word_1_846' title='bbox 1416 2366 1534 2396; x_wconf 86' lang='lat' dir='ltr'><strong>Codices</strong></span> <span class='ocrx_word' id='word_1_847' title='bbox 1557 2365 1689 2395; x_wconf 87' lang='lat' dir='ltr'><strong>Bruciani</strong></span> <span class='ocrx_word' id='word_1_848' title='bbox 1714 2365 1885 2394; x_wconf 82' lang='lat' dir='ltr'><strong>Bodleianne</strong></span> <span class='ocrx_word' id='word_1_849' title='bbox 1908 2363 2095 2393; x_wconf 75' lang='lat' dir='ltr'><strong>bibliothecae</strong></span> <span class='ocrx_word' id='word_1_850' title='bbox 2120 2361 2212 2400; x_wconf 78' lang='lat' dir='ltr'><strong>magis</strong></span> <span class='ocrx_word' id='word_1_851' title='bbox 2240 2361 2276 2390; x_wconf 81' lang='lat' dir='ltr'><strong>sd</strong></span> <span class='ocrx_word' id='word_1_852' title='bbox 2304 2362 2359 2391; x_wconf 84' lang='lat' dir='ltr'><strong>Ae-</strong></span> 
     </span>
     <span class='ocr_line' id='line_1_102' title="bbox 1268 2411 2359 2456; baseline -0.006 -9"><span class='ocrx_word' id='word_1_853' title='bbox 1268 2417 1455 2456; x_wconf 84' lang='lat' dir='ltr'><strong>thiopismum</strong></span> <span class='ocrx_word' id='word_1_854' title='bbox 1478 2420 1619 2454; x_wconf 84' lang='lat' dir='ltr'><strong>vergunt,</strong></span> <span class='ocrx_word' id='word_1_855' title='bbox 1648 2416 1830 2455; x_wconf 80' lang='lat' dir='ltr'><strong>Ruppelliani</strong></span> <span class='ocrx_word' id='word_1_856' title='bbox 1857 2415 1947 2452; x_wconf 82' lang='lat' dir='ltr'><strong>magis</strong></span> <span class='ocrx_word' id='word_1_857' title='bbox 1969 2413 2111 2444; x_wconf 84' lang='lat' dir='ltr'><strong>Amhsrici</strong></span> <span class='ocrx_word' id='word_1_858' title='bbox 2135 2422 2221 2450; x_wconf 84' lang='lat' dir='ltr'><strong>quam</strong></span> <span class='ocrx_word' id='word_1_859' title='bbox 2243 2411 2359 2442; x_wconf 84' lang='lat' dir='ltr'><strong>Aethio-</strong></span> 
     </span>
     <span class='ocr_line' id='line_1_103' title="bbox 1268 2463 2358 2508; baseline -0.007 -9"><span class='ocrx_word' id='word_1_860' title='bbox 1268 2469 1324 2508; x_wconf 85' lang='lat' dir='ltr'><strong>pici</strong></span> <span class='ocrx_word' id='word_1_861' title='bbox 1346 2471 1423 2498; x_wconf 87' lang='lat' dir='ltr'><strong>sunt.</strong></span> <span class='ocrx_word' id='word_1_862' title='bbox 1467 2469 1513 2498; x_wconf 84' lang='lat' dir='ltr'><strong>Ex</strong></span> <span class='ocrx_word' id='word_1_863' title='bbox 1536 2468 1619 2497; x_wconf 69' lang='lat' dir='ltr'><strong>unia&gt;</strong></span> <span class='ocrx_word' id='word_1_864' title='bbox 1641 2467 1735 2496; x_wconf 81' lang='lat' dir='ltr'><strong>codice</strong></span> <span class='ocrx_word' id='word_1_865' title='bbox 1750 2466 1982 2496; x_wconf 75' lang='lat' dir='ltr'><strong>Francosurtensi</strong></span> <span class='ocrx_word' id='word_1_866' title='bbox 1997 2466 2059 2501; x_wconf 83' lang='lat' dir='ltr'><strong>ino,</strong></span> <span class='ocrx_word' id='word_1_867' title='bbox 2080 2474 2164 2502; x_wconf 85' lang='lat' dir='ltr'><strong>quem</strong></span> <span class='ocrx_word' id='word_1_868' title='bbox 2186 2464 2220 2493; x_wconf 81' lang='lat' dir='ltr'><strong>E.</strong></span> <span class='ocrx_word' id='word_1_869' title='bbox 2237 2463 2358 2501; x_wconf 72' lang='lat' dir='ltr'><strong>Rappeu</strong></span> 
     </span>
     <span class='ocr_line' id='line_1_104' title="bbox 1268 2513 2356 2559; baseline -0.009 -7"><span class='ocrx_word' id='word_1_870' title='bbox 1268 2520 1349 2559; x_wconf 69' lang='grc' dir='ltr'><strong>θὶεἰῐε</strong></span> <span class='ocrx_word' id='word_1_871' title='bbox 1377 2520 1413 2549; x_wconf 95' lang='lat'><strong>11.</strong></span> <span class='ocrx_word' id='word_1_872' title='bbox 1440 2530 1469 2558; x_wconf 89' lang='lat' dir='ltr'><strong>p.</strong></span> <span class='ocrx_word' id='word_1_873' title='bbox 1497 2520 1571 2557; x_wconf 85' lang='grc'>336)</span> <span class='ocrx_word' id='word_1_874' title='bbox 1604 2519 1687 2559; x_wconf 60' lang='lat' dir='ltr'><strong>grube</strong></span> <span class='ocrx_word' id='word_1_875' title='bbox 1714 2518 1833 2557; x_wconf 57' lang='lat' dir='ltr'><strong>(Strauit</strong></span> <span class='ocrx_word' id='word_1_876' title='bbox 1865 2522 1912 2549; x_wconf 69' lang='lat' dir='ltr'><strong>bet</strong></span> <span class='ocrx_word' id='word_1_877' title='bbox 1941 2517 1995 2547; x_wconf 83' lang='lat' dir='ltr'><strong>Lik</strong></span> <span class='ocrx_word' id='word_1_878' title='bbox 2022 2515 2129 2546; x_wconf 80' lang='lat' dir='ltr'><strong>Atkum</strong></span> <span class='ocrx_word' id='word_1_879' title='bbox 2156 2514 2277 2551; x_wconf 78' lang='lat' dir='ltr'><strong>(tectius</strong></span> <span class='ocrx_word' id='word_1_880' title='bbox 2303 2513 2356 2551; x_wconf 78' lang='lat' dir='ltr'><strong>Liq</strong></span> 
     </span>
     <span class='ocr_line' id='line_1_105' title="bbox 1268 2565 2357 2609; baseline -0.007 -8"><span class='ocrx_word' id='word_1_881' title='bbox 1268 2572 1365 2609; x_wconf 73' lang='lat' dir='ltr'><strong>Atqu)</strong></span> <span class='ocrx_word' id='word_1_882' title='bbox 1393 2570 1566 2607; x_wconf 82' lang='lat' dir='ltr'><strong>nominavit,</strong></span> <span class='ocrx_word' id='word_1_883' title='bbox 1593 2569 1743 2604; x_wconf 82' lang='lat' dir='ltr'><strong>nonnulla,</strong></span> <span class='ocrx_word' id='word_1_884' title='bbox 1770 2569 1819 2598; x_wconf 89' lang='lat' dir='ltr'><strong>sed</strong></span> <span class='ocrx_word' id='word_1_885' title='bbox 1846 2578 1936 2607; x_wconf 82' lang='lat' dir='ltr'><strong>pauca</strong></span> <span class='ocrx_word' id='word_1_886' title='bbox 1962 2571 2074 2596; x_wconf 81' lang='lat' dir='ltr'><strong>tantum</strong></span> <span class='ocrx_word' id='word_1_887' title='bbox 2102 2566 2131 2595; x_wconf 90' lang='lat' dir='ltr'><strong>in</strong></span> <span class='ocrx_word' id='word_1_888' title='bbox 2159 2565 2233 2594; x_wconf 87' lang='lat' dir='ltr'><strong>libro</strong></span> <span class='ocrx_word' id='word_1_889' title='bbox 2260 2567 2357 2594; x_wconf 74' lang='lat' dir='ltr'><strong>nostro</strong></span> 
     </span>
     <span class='ocr_line' id='line_1_106' title="bbox 1267 2622 1436 2661; baseline -0.006 -9"><span class='ocrx_word' id='word_1_890' title='bbox 1267 2622 1436 2661; x_wconf 82' lang='lat' dir='ltr'><strong>recepimus.</strong></span> 
     </span>
    </p>

    <p class='ocr_par' dir='ltr' id='par_1_14' title="bbox 1262 2665 2355 3071">
     <span class='ocr_line' id='line_1_107' title="bbox 1353 2665 2355 2712; baseline -0.009 -9"><span class='ocrx_word' id='word_1_891' title='bbox 1353 2674 1377 2712; x_wconf 83' lang='grc' dir='ltr'><strong>Ι)</strong></span> <span class='ocrx_word' id='word_1_892' title='bbox 1398 2673 1444 2703; x_wconf 81' lang='lat' dir='ltr'><strong>Ad</strong></span> <span class='ocrx_word' id='word_1_893' title='bbox 1468 2674 1543 2702; x_wconf 69' lang='lat' dir='ltr'><strong>vitas</strong></span> <span class='ocrx_word' id='word_1_894' title='bbox 1566 2673 1740 2702; x_wconf 71' lang='lat' dir='ltr'><strong>Sanctorum</strong></span> <span class='ocrx_word' id='word_1_895' title='bbox 1763 2671 1930 2700; x_wconf 81' lang='lat' dir='ltr'><strong>reseruntur</strong></span> <span class='ocrx_word' id='word_1_896' title='bbox 1950 2668 2108 2706; x_wconf 79' lang='lat' dir='ltr'><strong>Synaxsris</strong></span> <span class='ocrx_word' id='word_1_897' title='bbox 2134 2672 2163 2696; x_wconf 84' lang='lat' dir='ltr'><strong>ct</strong></span> <span class='ocrx_word' id='word_1_898' title='bbox 2186 2666 2265 2695; x_wconf 81' lang='lat' dir='ltr'><strong>multi</strong></span> <span class='ocrx_word' id='word_1_899' title='bbox 2289 2665 2355 2695; x_wconf 85' lang='lat' dir='ltr'><strong>libri</strong></span> 
     </span>
     <span class='ocr_line' id='line_1_108' title="bbox 1267 2716 2354 2763; baseline -0.009 -8"><span class='ocrx_word' id='word_1_900' title='bbox 1267 2725 1416 2763; x_wconf 85' lang='lat' dir='ltr'><strong>libellique</strong></span> <span class='ocrx_word' id='word_1_901' title='bbox 1437 2725 1486 2763; x_wconf 90' lang='lat' dir='ltr'><strong>qui</strong></span> <span class='ocrx_word' id='word_1_902' title='bbox 1510 2724 1599 2753; x_wconf 77' lang='lat' dir='ltr'><strong>Gadel</strong></span> <span class='ocrx_word' id='word_1_903' title='bbox 1622 2726 1778 2758; x_wconf 81' lang='lat' dir='ltr'><strong>vocantur,</strong></span> <span class='ocrx_word' id='word_1_904' title='bbox 1803 2731 1852 2750; x_wconf 85' lang='lat' dir='ltr'><strong>nec</strong></span> <span class='ocrx_word' id='word_1_905' title='bbox 1875 2731 1931 2750; x_wconf 92' lang='lat' dir='ltr'><strong>non</strong></span> <span class='ocrx_word' id='word_1_906' title='bbox 1950 2720 2014 2749; x_wconf 86' lang='lat' dir='ltr'><strong>libri</strong></span> <span class='ocrx_word' id='word_1_907' title='bbox 2031 2719 2261 2749; x_wconf 63' lang='lat' dir='ltr'><strong>uma-mrum</strong></span> <span class='ocrx_word' id='word_1_908' title='bbox 2283 2716 2354 2746; x_wconf 71' lang='lat' dir='ltr'><strong>fieti-</strong></span> 
     </span>
     <span class='ocr_line' id='line_1_109' title="bbox 1266 2767 2355 2814; baseline -0.009 -7"><span class='ocrx_word' id='word_1_909' title='bbox 1266 2776 1311 2806; x_wconf 80' lang='lat' dir='ltr'><strong>cii.</strong></span> <span class='ocrx_word' id='word_1_910' title='bbox 1354 2775 1593 2814; x_wconf 68' lang='lat' dir='ltr'><strong>Synaxariorum</strong></span> <span class='ocrx_word' id='word_1_911' title='bbox 1614 2774 1663 2811; x_wconf 83' lang='lat' dir='ltr'><strong>(de</strong></span> <span class='ocrx_word' id='word_1_912' title='bbox 1683 2773 1789 2811; x_wconf 82' lang='lat' dir='ltr'><strong>quibus</strong></span> <span class='ocrx_word' id='word_1_913' title='bbox 1815 2772 1871 2802; x_wconf 73' lang='lat' dir='ltr'><strong>vid.</strong></span> <span class='ocrx_word' id='word_1_914' title='bbox 1893 2771 2061 2808; x_wconf 74' lang='lat' dir='ltr'><strong>Catslogum</strong></span> <span class='ocrx_word' id='word_1_915' title='bbox 2082 2768 2150 2798; x_wconf 82' lang='lat' dir='ltr'><strong>cod.</strong></span> <span class='ocrx_word' id='word_1_916' title='bbox 2174 2767 2259 2797; x_wconf 79' lang='lat' dir='ltr'><strong>Aet-h.</strong></span> <span class='ocrx_word' id='word_1_917' title='bbox 2281 2767 2355 2797; x_wconf 74' lang='lat' dir='ltr'><strong>nihl.</strong></span> 
     </span>
     <span class='ocr_line' id='line_1_110' title="bbox 1266 2817 2354 2866; baseline -0.011 -8"><span class='ocrx_word' id='word_1_918' title='bbox 1266 2827 1348 2857; x_wconf 86' lang='lat' dir='ltr'><strong>Bodl.</strong></span> <span class='ocrx_word' id='word_1_919' title='bbox 1371 2838 1399 2866; x_wconf 90' lang='lat' dir='ltr'><strong>p.</strong></span> <span class='ocrx_word' id='word_1_920' title='bbox 1423 2827 1571 2863; x_wconf 77' lang='grc'>38-68)</span> <span class='ocrx_word' id='word_1_921' title='bbox 1593 2825 1738 2854; x_wconf 78' lang='lat' dir='ltr'><strong>volumina</strong></span> <span class='ocrx_word' id='word_1_922' title='bbox 1759 2823 1828 2860; x_wconf 79' lang='lat' dir='ltr'><strong>duo,</strong></span> <span class='ocrx_word' id='word_1_923' title='bbox 1849 2833 1923 2861; x_wconf 80' lang='lat' dir='ltr'><strong>quse</strong></span> <span class='ocrx_word' id='word_1_924' title='bbox 1945 2822 1972 2850; x_wconf 86' lang='lat' dir='ltr'><strong>in</strong></span> <span class='ocrx_word' id='word_1_925' title='bbox 1996 2819 2165 2849; x_wconf 77' lang='lat' dir='ltr'><strong>bibliotheca</strong></span> <span class='ocrx_word' id='word_1_926' title='bbox 2179 2817 2354 2857; x_wconf 68' lang='lat' dir='ltr'><strong>&#39;hibingensi</strong></span> 
     </span>
     <span class='ocr_line' id='line_1_111' title="bbox 1265 2869 2354 2916; baseline -0.009 -7"><span class='ocrx_word' id='word_1_927' title='bbox 1265 2881 1398 2916; x_wconf 80' lang='lat' dir='ltr'><strong>exstant,</strong></span> <span class='ocrx_word' id='word_1_928' title='bbox 1414 2878 1629 2907; x_wconf 79' lang='lat' dir='ltr'><strong>membranacea</strong></span> <span class='ocrx_word' id='word_1_929' title='bbox 1640 2875 1739 2905; x_wconf 81' lang='lat' dir='ltr'><strong>sedulo</strong></span> <span class='ocrx_word' id='word_1_930' title='bbox 1752 2873 1987 2914; x_wconf 73' lang='lat' dir='ltr'><strong>perlustravimus</strong></span> <span class='ocrx_word' id='word_1_931' title='bbox 1998 2875 2025 2900; x_wconf 83' lang='lat' dir='ltr'><strong>et</strong></span> <span class='ocrx_word' id='word_1_932' title='bbox 2038 2869 2237 2908; x_wconf 72' lang='lat' dir='ltr'><strong>excerpsimus.</strong></span> <span class='ocrx_word' id='word_1_933' title='bbox 2267 2869 2354 2899; x_wconf 72' lang='lat' dir='ltr'><strong>vem</strong></span> 
     </span>
     <span class='ocr_line' id='line_1_112' title="bbox 1265 2919 2352 2966; baseline -0.009 -7"><span class='ocrx_word' id='word_1_934' title='bbox 1265 2932 1335 2959; x_wconf 83' lang='lat' dir='ltr'><strong>sunt</strong></span> <span class='ocrx_word' id='word_1_935' title='bbox 1355 2940 1391 2959; x_wconf 88' lang='lat' dir='ltr'><strong>ex</strong></span> <span class='ocrx_word' id='word_1_936' title='bbox 1413 2929 1537 2959; x_wconf 82' lang='lat' dir='ltr'><strong>Arabico</strong></span> <span class='ocrx_word' id='word_1_937' title='bbox 1557 2938 1658 2966; x_wconf 82' lang='lat' dir='ltr'><strong>opero.</strong></span> <span class='ocrx_word' id='word_1_938' title='bbox 1681 2926 1794 2955; x_wconf 78' lang='lat' dir='ltr'><strong>saeculo</strong></span> <span class='ocrx_word' id='word_1_939' title='bbox 1808 2924 1895 2954; x_wconf 69' lang='grc' dir='ltr'><strong>ΧΙΠθ</strong></span> <span class='ocrx_word' id='word_1_940' title='bbox 1916 2924 1944 2952; x_wconf 88' lang='lat' dir='ltr'><strong>iu</strong></span> <span class='ocrx_word' id='word_1_941' title='bbox 1961 2924 2093 2960; x_wconf 74' lang='lat' dir='ltr'><strong>Aegypto</strong></span> <span class='ocrx_word' id='word_1_942' title='bbox 2113 2920 2283 2959; x_wconf 83' lang='lat' dir='ltr'><strong>composito.</strong></span> <span class='ocrx_word' id='word_1_943' title='bbox 2304 2919 2352 2949; x_wconf 82' lang='lat' dir='ltr'><strong>ssd</strong></span> 
     </span>
     <span class='ocr_line' id='line_1_113' title="bbox 1264 2970 2353 3019; baseline -0.01 -8"><span class='ocrx_word' id='word_1_944' title='bbox 1264 2981 1302 3011; x_wconf 86' lang='lat' dir='ltr'><strong>sb</strong></span> <span class='ocrx_word' id='word_1_945' title='bbox 1316 2980 1507 3019; x_wconf 78' lang='lat' dir='ltr'><strong>Aethiopibus</strong></span> <span class='ocrx_word' id='word_1_946' title='bbox 1526 2978 1702 3009; x_wconf 76' lang='lat' dir='ltr'><strong>saemilorum</strong></span> <span class='ocrx_word' id='word_1_947' title='bbox 1723 2975 1901 3014; x_wconf 83' lang='lat' dir='ltr'><strong>sequentium</strong></span> <span class='ocrx_word' id='word_1_948' title='bbox 1917 2976 2073 3003; x_wconf 59' lang='lat' dir='ltr'><strong>tenuast-</strong></span> <span class='ocrx_word' id='word_1_949' title='bbox 2086 2973 2117 3002; x_wconf 68' lang='lat' dir='ltr'><strong>et</strong></span> <span class='ocrx_word' id='word_1_950' title='bbox 2130 2974 2222 3002; x_wconf 66' lang='lat' dir='ltr'><strong>suda.</strong></span> <span class='ocrx_word' id='word_1_951' title='bbox 2260 2970 2353 3001; x_wconf 85' lang='lat' dir='ltr'><strong>Dictio</strong></span> 
     </span>
     <span class='ocr_line' id='line_1_114' title="bbox 1262 3022 2351 3071; baseline -0.011 -8"><span class='ocrx_word' id='word_1_952' title='bbox 1262 3042 1435 3071; x_wconf 76' lang='lat' dir='ltr'><strong>quemquam</strong></span> <span class='ocrx_word' id='word_1_953' title='bbox 1458 3030 1641 3061; x_wconf 83' lang='lat' dir='ltr'><strong>Arsbismum</strong></span> <span class='ocrx_word' id='word_1_954' title='bbox 1663 3027 1773 3057; x_wconf 82' lang='lat' dir='ltr'><strong>redolet</strong></span> <span class='ocrx_word' id='word_1_955' title='bbox 1799 3026 1870 3055; x_wconf 70' lang='lat' dir='ltr'><strong>bem</strong></span> <span class='ocrx_word' id='word_1_956' title='bbox 1892 3023 2061 3062; x_wconf 76' lang='lat' dir='ltr'><strong>Aethiopica</strong></span> <span class='ocrx_word' id='word_1_957' title='bbox 2085 3026 2138 3053; x_wconf 85' lang='lat' dir='ltr'><strong>cst.</strong></span> <span class='ocrx_word' id='word_1_958' title='bbox 2181 3022 2262 3053; x_wconf 82' lang='lat' dir='ltr'><strong>Actis</strong></span> <span class='ocrx_word' id='word_1_959' title='bbox 2282 3022 2351 3052; x_wconf 69' lang='lat' dir='ltr'><strong>San-</strong></span> 
     </span>
    </p>
   </div>
   <div class='ocr_carea' id='block_1_7' title="bbox 1261 3072 2351 3119">
    <p class='ocr_par' dir='ltr' id='par_1_15' title="bbox 1261 3072 2351 3119">
     <span class='ocr_line' id='line_1_115' title="bbox 1261 3072 2351 3119; baseline -0.011 -5"><span class='ocrx_word' id='word_1_960' title='bbox 1261 3087 1372 3114; x_wconf 79' lang='lat' dir='ltr'><strong>ctorum</strong></span> <span class='ocrx_word' id='word_1_961' title='bbox 1394 3082 1430 3112; x_wconf 84' lang='lat' dir='ltr'><strong>sd</strong></span> <span class='ocrx_word' id='word_1_962' title='bbox 1452 3081 1580 3119; x_wconf 81' lang='lat' dir='ltr'><strong>singulos</strong></span> <span class='ocrx_word' id='word_1_963' title='bbox 1603 3079 1780 3117; x_wconf 80' lang='lat' dir='ltr'><strong>singulorum</strong></span> <span class='ocrx_word' id='word_1_964' title='bbox 1802 3076 1941 3106; x_wconf 82' lang='lat' dir='ltr'><strong>mensium</strong></span> <span class='ocrx_word' id='word_1_965' title='bbox 1962 3074 2025 3105; x_wconf 85' lang='lat' dir='ltr'><strong>dies</strong></span> <span class='ocrx_word' id='word_1_966' title='bbox 2050 3073 2186 3113; x_wconf 74' lang='lat' dir='ltr'><strong>strophae</strong></span> <span class='ocrx_word' id='word_1_967' title='bbox 2211 3072 2351 3113; x_wconf 73' lang='lat' dir='ltr'><strong>quandam</strong></span> 
     </span>
    </p>
   </div>
  </div>
 </body>
</html>
