2519 3350
1064 885 1350 945 prolegomena.

612 1017 641 1050 1.
695 1015 948 1052 Describuntur
973 1014 1053 1050 libri
1079 1025 1097 1050 e
1125 1014 1247 1061 quibus
1275 1015 1457 1051 materiam
1486 1014 1586 1051 lexic-i
1615 1013 1801 1050 hausimus.

204 1151 329 1184 Lexicon
351 1150 524 1182 Ludolfiano
538 1151 709 1191 locupletius
733 1154 763 1181 et
783 1151 964 1181 emendatius
980 1151 1178 1189 conscripturo

77 1214 170 1244 neque
190 1203 229 1234 sd
249 1204 403 1234 thesauros
423 1203 524 1241 quales
545 1202 638 1242 Sihah
657 1206 688 1232 et
710 1203 816 1239 Qimiis
839 1205 908 1232 sunt
934 1212 1028 1241 neque
1054 1202 1092 1231 ad
1120 1202 1179 1231 sin-

76 1255 211 1297 gulorum
231 1255 373 1285 librorum
394 1253 622 1284 Concordantias
643 1265 716 1293 quas
738 1254 838 1283 dicunt
864 1253 960 1283 aditus
985 1255 1084 1292 patet:
1112 1263 1179 1292 per·

75 1306 229 1337 lucrand-
241 1309 273 1336 et
286 1305 466 1345 excerpenda
477 1308 546 1335 sunt
558 1309 746 1335 monumenta
759 1305 932 1344 scriptorum
943 1305 1180 1344 Aethiopicorum

75 1359 152 1400 ipa,
165 1367 291 1398 quorum
304 1366 398 1397 pauca
411 1357 490 1396 typis
505 1367 611 1386 excusa
625 1357 707 1386 facile
722 1357 881 1396 comparari
897 1359 1033 1396 possunt,
1054 1355 1181 1394 plurima

75 1409 191 1440 nonnisi
215 1408 413 1447 manuscripta
439 1411 470 1438 et
496 1407 528 1438 in
559 1408 648 1438 variis
674 1409 810 1447 Europae
838 1407 1020 1437 bibliothecis
1049 1407 1181 1446 dispersa

76 1462 203 1491 amnt,
246 1461 325 1497 Quae
347 1459 443 1489 omnia
464 1469 529 1489 cum
555 1459 595 1489 ob
622 1459 762 1498 temPoris
788 1459 961 1498 perficiendo
988 1458 1068 1497 operi
1096 1468 1180 1497 prae-

79 1511 156 1542 finiti
176 1511 327 1550 angustias
349 1511 519 1550 conquirere
547 1520 606 1540 nou
633 1510 747 1547 liceret,
774 1520 874 1540 eorum
901 1509 1052 1549 potissima
1078 1510 1179 1539 saltem

75 1566 107 1593 et
127 1561 300 1602 gravissima
319 1562 404 1592 nobis
426 1561 636 1601 penu-utauda
660 1561 872 1601 proposuimus.

163 1616 191 1644 1.
235 1614 276 1644 Et
298 1615 510 1651 antiquissima
531 1612 648 1651 quidem
670 1623 744 1651 quse
766 1612 912 1642 habentur
933 1612 1041 1649 omnia,
1064 1621 1128 1641 cum
1150 1611 1180 1640 in

76 1664 112 1695 iis
132 1666 279 1704 permulta
298 1666 482 1704 reperiantur
503 1663 592 1693 ves-bs
613 1674 688 1703 quae
709 1664 830 1703 posthac
851 1664 982 1693 obsoleta
1008 1663 1115 1693 recenti
1139 1663 1180 1692 lo·

75 1715 184 1756 quamdi
213 1715 279 1746 usui
306 1718 467 1752 cesserunt,
501 1718 632 1745 accurate
657 1715 924 1754 pervestigavimus.
979 1716 1013 1753 a)
1040 1715 1121 1744 Inter
1147 1724 1181 1743 ea

77 1768 203 1807 primum
224 1767 318 1797 locum
339 1767 474 1796 obtinent
494 1767 600 1797 Biblia
624 1766 810 1806 Aethiopica,
833 1776 907 1805 quae
929 1766 1055 1796 omnium
1077 1766 1179 1795 litera-

76 1827 141 1849 rum
162 1818 399 1857 Abyueinieerum
419 1817 638 1848 fundumentum
657 1821 726 1847 sunt
740 1821 770 1847 et
785 1828 898 1855 norma,
921 1818 958 1846 ad
973 1828 1060 1856 quam
1075 1816 1192 1855 reliqui,

76 1869 234 1910 scriptores
254 1879 339 1899 suum
359 1869 472 1899 dicendi
485 1869 687 1908 scribendique
701 1879 793 1908 genus
808 1869 1067 1898 conformaverunt.
1104 1869 1179 1905 Quo-

77 1930 142 1951 rum
164 1924 199 1951 ut
218 1920 307 1951 etiam
328 1920 359 1950 in
387 1920 478 1950 lexico
507 1921 704 1960 componendo
732 1920 884 1959 potissima
910 1920 1068 1950 haberetur
1094 1919 1179 1956 ratio,

77 1982 124 2003 res
149 1972 214 2012 ipsa
238 1971 416 2011 postulabat.
460 1971 518 2001 Sed
543 1983 607 2002 cum
634 1972 794 2002 Bibliorum
820 1971 980 2002 versionem
1007 1981 1064 2001 non
1091 1981 1178 2000 unam

77 2026 191 2054 tntum
211 2022 338 2052 habeant
359 2022 517 2062 Aethiopes
538 2024 589 2054 sed
611 2024 753 2063 duplicem
775 2026 805 2052 et
823 2023 965 2062 triplicem
985 2023 1178 2061 singulorum-

78 2083 136 2114 que
155 2074 297 2105 libiorum
318 2074 521 2113 multiplicem,
543 2075 631 2105 variis
653 2075 831 2113 temporibus
853 2078 884 2104 et
906 2074 986 2103 varia
1005 2073 1178 2103 auctoritate

77 2126 248 2162 masadam,
270 2125 302 2155 id
324 2135 440 2164 quoquo
462 2126 650 2165 spectandum
673 2129 750 2163 erat,
778 2129 812 2155 ut
839 2126 933 2155 varias
962 2125 1108 2155 versiones
1135 2124 1178 2154 di-

78 2175 290 2216 sfingueremus
311 2186 467 2215 eurumque
481 2177 724 2216 antiquissimam,
746 2180 887 2216 quantum
903 2187 1067 2216 possemus,
1089 2176 1177 2215 dispi-

77 2237 213 2258 ceremus.
261 2227 440 2267 Ubicumque
466 2231 563 2258 autem
591 2228 750 2257 Bibliorum
783 2228 928 2258 versiones
955 2238 971 2257 e
999 2228 1080 2257 libris
1107 2228 1177 2257 Mas.

77 2277 221 2308 eruendae
240 2281 340 2315 emt.
369 2279 454 2309 unius
476 2279 581 2309 codicis
602 2279 674 2309 fides
702 2279 779 2309 haud
807 2280 937 2309 sufficere
965 2283 1098 2318 poterat,
1127 2279 1177 2309 sed

78 2329 164 2368 plura
184 2328 356 2358 conferenda
384 2332 469 2359 erant
493 2330 676 2369 exempla-ria.
730 2331 792 2360 Hoc
820 2330 965 2369 quomodo
991 2331 1021 2360 in
1049 2330 1177 2369 singulas

77 2379 238 2410 Biblini-mn
261 2382 361 2419 partes
381 2380 492 2417 valeat,
517 2381 598 2412 brevi
622 2381 774 2411 dicendum
801 2386 855 2411 est.
904 2382 979 2411 Novi
1001 2382 1178 2411 Testamenti

77 2431 258 2461 versionibus
268 2431 479 2470 perlustrandis
489 2432 604 2462 nonnisi
618 2433 758 2463 librorum
775 2433 853 2472 typis
869 2433 1079 2472 exscriptorum
1095 2443 1177 2462 usum

77 2482 203 2512 fecimus.
253 2482 345 2520 Hujus
360 2482 436 2511 enim
451 2482 628 2513 Testamenti
649 2484 724 2513 duae
745 2488 814 2514 sunt
835 2484 985 2513 editiones.
1029 2485 1130 2513 Altera
1151 2494 1177 2514 a.

77 2532 260 2563 uoxbvm
282 2537 313 2562 et
334 2534 376 2563 lx
400 2533 508 2563 Romae
533 2543 602 2563 curs
628 2535 806 2565 Testa-Zion
834 2535 985 2574 Aethiopis
1012 2536 1099 2571 facta.
1127 2535 1176 2564 dc·

76 2584 175 2624 izioeps
195 2583 226 2613 in
248 2583 424 2623 polyglottis
445 2584 676 2616 Loudiuemibu·
702 2587 838 2625 repetita,
862 2588 923 2625 jam
950 2586 1075 2616 Ludolso
1103 2586 1177 2615 lecta

77 2636 138 2672 est}
162 2644 198 2665 ea
211 2657 220 2672 ,
240 2635 266 2665 si
288 2635 395 2666 librum
417 2637 541 2665 Actuum
563 2636 770 2674 Apostolorum
794 2638 941 2676 exceperis
967 2637 1017 2676 (de
1038 2647 1097 2676 quo
1118 2636 1176 2666 vid.

78 2685 152 2716 Lus.
174 2685 241 2716 hist.
264 2687 315 2717 Ae.
337 2687 389 2724 111,
410 2690 440 2723 4,
462 2689 480 2716 7
503 2690 534 2716 et
555 2687 663 2717 comm.
685 2697 714 2727 p.
736 2689 823 2727 29⁷),
845 2689 1005 2718 versionem
1027 2688 1176 2727 antiquam

78 2735 210 2774 exhibet,
225 2736 276 2766 sed
290 2737 395 2768 erratis
409 2738 659 2777 typographorum
673 2741 772 2769 nutet.
794 2739 905 2777 Altera,
923 2750 950 2769 a.
964 2739 1176 2770 MDOOCXXX

76 2786 214 2826 impensis
234 2788 380 2818 societatis
402 2789 439 2818 ad
462 2789 556 2818 Biblis
577 2799 659 2819 sscra
684 2789 714 2819 in
736 2789 887 2820 Britannis
909 2793 940 2820 st
961 2791 1039 2830 apud
1061 2794 1176 2820 exteras

77 2842 181 2876 gentes
201 2839 365 2878 evulgand-
385 2839 537 2870 institutse
553 2840 676 2870 Londini
698 2850 716 2870 s
737 2840 790 2870 Th.
806 2841 836 2870 P.
853 2841 932 2871 Plstt
951 2843 1090 2879 confecta,
1111 2852 1175 2871 ver-

77 2889 187 2920 sionem
210 2889 297 2920 dium
317 2890 379 2920 sive
399 2891 586 2921 recentiorem
609 2891 668 2920 sive
689 2902 706 2920 e
728 2891 814 2921 variis
835 2892 1016 2922 versionibus
1037 2893 1175 2923 recentio-

77 2938 160 2971 n‘bns
182 2939 301 2971 mixtam
322 2941 454 2972 eontinet
475 2952 526 2972 nee
546 2942 611 2982 ipss
632 2941 743 2972 mendis
764 2943 1044 2983 typographicis,its
1064 2946 1098 2973 ut
1125 2944 1175 2974 de-

77 2990 167 3022 bebat
188 2991 279 3021 libers
299 2996 356 3023 est.
398 2992 498 3024 Editio
518 2993 661 3031 castigata
682 2997 713 3022 et
734 2993 834 3023 critica
857 2993 886 3023 in
908 3004 967 3033 qus
987 2994 1084 3024 variae
1110 3004 1175 3025 vsr-

78 3041 167 3072 sionis
198 3043 376 3074 mensiones
408 3047 486 3075 recte
515 3044 737 3083 distinguentur
770 3045 863 3075 adhuc
894 3045 1091 3083 desideratur,
1124 3055 1176 3076 nee

1229 1150 1411 1187 dubitamus,
1444 1150 1515 1189 quin
1537 1159 1611 1179 nova
1633 1149 1760 1179 omnium
1782 1159 1881 1178 earum
1908 1158 1982 1188 quae
2011 1148 2040 1177 in
2070 1147 2151 1176 libris
2179 1147 2251 1176 Mes.
2281 1147 2335 1176 cir—

1229 1203 1428 1232 cumferuntur
1438 1201 1513 1231 Novi
1525 1201 1704 1230 Testamenti
1719 1201 1884 1230 versionum
1899 1199 2132 1238 perscrutatione
2147 1208 2204 1228 non
2219 1200 2332 1227 tantum

1229 1254 1337 1283 multae
1359 1253 1496 1283 lectiones
1518 1253 1664 1282 variantes
1686 1252 1738 1281 sed
1765 1253 1852 1281 etiam
1880 1251 1971 1280 lexico
2000 1251 2131 1289 singulae
2159 1249 2333 1279 accessiones

1230 1305 1445 1334 redundaturae
1460 1305 1526 1334 sint.
1560 1304 1617 1334 Sed
1638 1303 1703 1332 huic
1718 1303 1934 1341 investigationi
1951 1302 2146 1332 instituendae
2160 1311 2224 1330 cum
2239 1300 2334 1330 omnia

1231 1356 1313 1385 nobis
1334 1356 1467 1387 deessent
1489 1355 1610 1391 auxilia,
1638 1355 1726 1384 libros
1749 1355 1827 1393 typis
1853 1355 1946 1384 editos
1974 1354 2129 1392 diligenter
2157 1352 2333 1391 perscrutari

1231 1408 1303 1437 satis
1325 1407 1512 1436 habebamus.
1557 1407 1638 1435 Inter
1660 1406 1774 1435 Veteris
1795 1410 1893 1435 autem
1915 1404 2093 1434 Testamenti
2115 1404 2205 1433 libros
2227 1403 2332 1433 Psalmi

1231 1469 1295 1488 cum
1321 1459 1447 1488 Canticis
1473 1468 1491 1487 a
1511 1458 1538 1487 J.
1562 1457 1686 1487 Ludolso
1711 1467 1737 1486 a.
1765 1457 1884 1487 MDCCI
1911 1455 2110 1491 Francofurti,
2140 1454 2333 1485 Octateuchus

1231 1513 1262 1540 et
1289 1509 1356 1539 libri
1381 1511 1494 1547 Regum
1522 1509 1534 1538 I
1563 1511 1593 1538 et
1620 1509 1647 1537 II
1677 1518 1694 1537 a
1721 1508 1806 1538 nobis
1836 1508 1907 1547 ipsis
1934 1518 1959 1537 a.
1988 1506 2236 1536 MDCCCLIIJ-
2253 1506 2277 1533 V
2304 1508 2333 1534 et

1232 1561 1429 1591 MDCCCLXI
1451 1571 1516 1589 cum
1538 1559 1709 1589 lectionibus
1738 1560 1920 1589 variantibus
1946 1559 1988 1588 ita
2015 1557 2086 1587 editi
2113 1559 2196 1593 sunt,
2225 1561 2258 1586 ut
2284 1566 2332 1586 eos

1231 1622 1385 1651 excerpere
1411 1612 1564 1641 sufficeret.
1619 1611 1652 1639 ln
1681 1611 1802 1640 meten-is
1831 1609 1913 1640 libris
1941 1610 1978 1638 ad
2004 1609 2114 1639 codices
2142 1609 2211 1638 Mas.
2238 1618 2332 1637 recur-

1232 1664 1355 1693 rendum
1377 1666 1456 1699 erat,
1484 1673 1607 1701 quorum
1630 1662 1707 1691 inter
1728 1672 1759 1691 se
1780 1662 1967 1692 conferendos
1994 1661 2169 1690 habebamus
2198 1659 2333 1697 (maxime

1232 1715 1426 1750 Oxonienses,
1443 1714 1654 1750 Londinenses,
1670 1714 1938 1750 Francol'urtenses,
1959 1712 2159 1749 Abbadianos)
2172 1711 2242 1741 sobi
2254 1715 2334 1747 octo;

1233 1767 1274 1795 111
1297 1769 1328 1795 et
1350 1767 1389 1796 lv
1413 1767 1523 1803 Regum
1546 1768 1576 1794 et
1597 1765 1725 1794 Danielis
1748 1769 1872 1804 septem
1897 1764 2024 1800 Jesaise,
2047 1762 2332 1801 Dodecapnopheton,

1233 1817 1471 1854 Proverbiorum,
1494 1817 1701 1853 Ecclesiastae,
1723 1816 1887 1855 Sapientiae
1909 1826 1971 1850 sex;
1994 1814 2247 1853 Paralipomenon,
2270 1815 2283 1843 l
2303 1817 2331 1842 et

1232 1869 1259 1898 11
1288 1870 1395 1906 Ezrae,
1428 1868 1536 1898 Esther
1564 1871 1704 1907 quatuor;
1735 1867 1876 1898 Jeremiae
1905 1877 1968 1896 cum
1995 1866 2130 1902 Threnis‚
2160 1865 2332 1901 Hezekielis,

1231 1920 1377 1950 Siracidae
1409 1923 1483 1957 tres;
1514 1920 1642 1955 Bai-ach,
1675 1919 1824 1958 Epistolae
1855 1919 1929 1957 Jer.,
1962 1917 2082 1955 Totuith,
2114 1917 2217 1947 Judith
2249 1916 2330 1945 duos.

1232 1971 1313 2001 Libri
1336 1971 1571 2001 Maccahaeorum
1586 1971 1776 2010 Aethiopibus
1796 1974 1847 1999 aut
1862 1980 2018 2008 numquam
2032 1968 2107 1998 versi
2122 1971 2174 1997 aut
2187 1968 2330 2007 deperditi

1230 2026 1314 2052 sunt:
1343 2033 1442 2053 eorum
1465 2023 1527 2051 loco
1549 2022 1712 2061 supplendo
1739 2022 1845 2051 librum
1867 2021 2001 2050 ficticium
2027 2021 2081 2049 sub
2108 2020 2195 2049 titulo
2217 2019 2331 2049 Macen-

1230 2075 1368 2104 bueorum
1390 2074 1595 2103 circumferunt
1616 2073 1686 2111 (vid.
1713 2074 1807 2110 infra).
1857 2072 1955 2102 Veteri
1981 2073 2167 2101 Testamento
2193 2071 2329 2100 adnume-

1230 2129 1334 2155 rantur
1366 2125 1433 2154 libri
1465 2125 1580 2164 quidsm
1614 2123 1874 2164 pseudepigraphi,
1905 2127 1965 2153 tam
1998 2123 2069 2152 editi
2101 2132 2187 2161 quam
2220 2122 2330 2151 inediti.

1231 2177 1310 2206 Editi
1336 2180 1420 2214 sunt,
1448 2186 1466 2205 a
1492 2176 1574 2205 nobis
1596 2176 1680 2215 ipsis:
1718 2178 1747 2213 1)
1771 2176 1875 2205 Kuffile
1905 2174 1948 2203 vel
1977 2174 2050 2204 liber
2074 2174 2288 2210 Jubilseomm.
2314 2184 2330 2202 e

1230 2229 1344 2258 duobus
1365 2227 1524 2263 codicibus,
1546 2228 1602 2257 Kil.
1618 2231 1647 2256 et
1664 2227 1754 2257 Lond.
1771 2226 1981 2262 mocccmx,
2009 2226 2039 2263 2)
2057 2225 2186 2261 Henoch,
2207 2235 2223 2254 e
2245 2224 2328 2263 quin—

1229 2289 1285 2318 que
1313 2279 1473 2315 codicibus,
1510 2279 1587 2318 Lips.
1614 2278 1782 2308 MDCCCLI
1815 2278 1899 2317 (huic
1933 2278 2006 2306 libro
2032 2280 2093 2306 tres
2121 2277 2193 2306 alios
2219 2276 2329 2305 codices

1229 2341 1323 2369 nuper
1344 2330 1472 2369 perlatos
1487 2330 1744 2369 comparavimus„
1766 2340 1783 2358 a
1799 2330 1831 2359 R.
1848 2330 2007 2358 Laumnee:
2031 2329 2062 2365 3)
2078 2327 2214 2358 Ascensio
2229 2327 2327 2363 Isaiae,

1229 2392 1265 2411 ex
1287 2391 1346 2411 uno
1360 2381 1472 2418 codice,
1494 2382 1586 2410 Oxon.
1603 2381 1816 2417 MDoccxlx,
1840 2382 1871 2418 4)
1894 2382 1986 2410 Ezrae
2002 2380 2198 2418 Apocalypsis,
2219 2388 2254 2408 ex
2270 2388 2328 2407 uno

1229 2433 1340 2469 codice,
1368 2433 1458 2462 Oxon.
1487 2432 1685 2469 MDOCCXX,
1717 2432 1763 2461 cui
1790 2432 1909 2462 editioni
1938 2442 2001 2461 cum
2033 2440 2133 2470 parum
2160 2429 2216 2459 fide
2240 2430 2327 2467 digus

1229 2484 1282 2520 sit,
1309 2494 1359 2513 sex
1387 2484 1458 2513 alios
1486 2484 1575 2513 libros
1604 2484 1673 2513 Mes.
1701 2483 1888 2519 contulimus;
1920 2483 2046 2512 ineditus
2072 2485 2117 2512 est
2151 2483 2182 2518 ὁ)
2204 2481 2326 2517 libellus,

1229 2546 1313 2574 quem
1336 2535 1492 2574 Aethiopes
1519 2535 1634 2574 scriptis
1659 2535 1801 2564 Jeremise
1828 2535 1985 2572 adjungere
2013 2534 2120 2568 solent,
2146 2532 2326 2562 Cliristianse

1228 2586 1360 2625 originin,
1388 2584 1589 2622 ‘Pcast'lc
1596 2593 1607 2612 ⁸
1615 2581 1755 2621 ''nel''
1785 2586 1802 2615 i.
1825 2597 1849 2615 e.
1874 2586 2090 2624 paralipomena
2112 2583 2155 2612 vel
2179 2582 2325 2621 Reliquiae

1229 2637 1341 2667 Baruch
1368 2637 1539 2676 inscriptus;
1571 2639 1632 2675 ejus
1660 2637 1797 2666 habemus
1824 2637 1881 2667 tris
1907 2635 2081 2676 apographa.
2133 2635 2212 2663 luter
2237 2633 2325 2662 libros

1229 2689 1302 2718 Novi
1325 2689 1503 2718 Testamenti
1525 2688 1703 2728 apocryphos
1725 2688 1914 2717 recensendus
1943 2691 1988 2716 est
2011 2687 2132 2715 Hermae
2159 2687 2271 2723 putor,
2298 2695 2323 2713 s.

1228 2740 1409 2770 MDOOCLx
1421 2740 1534 2779 Lipsiae
1549 2741 1586 2769 ab
1597 2739 1723 2770 Antonio
1735 2739 1893 2769 d'Abbsdie
1904 2738 2008 2768 editus.
2031 2737 2140 2766 norum
2151 2735 2323 2775 scriptorum

1227 2791 1398 2821 biblicorum
1418 2795 1531 2831 partem
1549 2793 1684 2830 majorem
1703 2791 1842 2820 Ludoll'us
1865 2798 2010 2828 nunquam
2031 2787 2116 2816 vidit:
2138 2796 2154 2816 e
2174 2787 2256 2817 libris
2270 2787 2322 2817 Ju-

1227 2843 1322 2872 dicum
1346 2843 1455 2881 Regum
1478 2842 1590 2872 Jesaise
1612 2845 1749 2880 excerpta
1769 2841 1907 2880 quaedam
1930 2839 2030 2868 habuit
2051 2848 2069 2866 a
2083 2837 2222 2875 ongean
2238 2837 2323 2867 Λεὼ.

1227 2894 1450 2930 communicatu
1478 2896 1594 2932 praeter
1617 2893 1730 2922 Novum
1757 2892 1985 2926 Testamentum,
2012 2887 2237 2919 Pentateuchum
2259 2897 2321 2917 mm

1226 2945 1318 2975 Josua
1331 2948 1361 2974 et
1377 2945 1468 2981 Ruth,
1492 2945 1619 2974 Pulmo-
1634 2953 1698 2973 cum
1713 2942 1838 2972 Cantici·
1853 2945 1883 2971 et
1897 2940 2036 2980 quosdam
2051 2939 2257 2980 prophet-nm
2270 2939 2321 2968 nii·

1227 3006 1329 3026 norum
1352 2995 1412 3034 ipse
1435 2995 1507 3034 legit
1521 2995 1623 3025 nullos.
1641 3011 1678 3017 —
1703 2994 1733 3031 b)
1749 2993 1844 3023 Libris
1860 2992 1971 3022 biblici·
1985 2992 2033 3022 alii
2047 2991 2165 3031 qnidam
2183 2990 2322 3020 accedunt

1227 3047 1278 3086 qui
1299 3058 1335 3077 es
1356 3046 1567 3086 antiquioribus
1590 3045 1737 3074 liu-nrum
1760 3044 1994 3084 Aethiopia-ram
2016 3041 2194 3083 temporibus
2216 3040 2321 3071 numa·
