2519 3350
43 123 114 150 xm
1053 106 1287 148 Prolegomena.
2230 125 2295 150 mv

135 225 166 262 1)
187 225 250 261 Quo
270 222 302 252 in
321 221 440 260 negotio
461 220 634 260 perficiendo
654 219 777 250 maxime
797 219 881 249 nobis
896 219 1004 248 auxilio
1023 222 1105 248 erant
1125 219 1145 248 ii
1198 219 1300 256 Itaque
1320 218 1405 248 nobis
1427 219 1542 257 quidem
1565 229 1622 248 non
1645 219 1715 248 satis
1738 219 1826 248 fidum
1849 220 2016 258 videbatur,
2043 221 2078 250 iis
2100 223 2216 254 vocibus
2238 227 2293 254 Ae-

47 275 116 305 libri
135 275 187 313 qui
206 284 266 303 non
286 273 454 311 Aethiopico
479 275 595 302 tantum
623 271 675 301 sed
700 271 788 300 etiam
813 271 844 300 in
870 271 926 299 alia
952 270 1066 308 lingua,
1093 280 1144 308 po-
1197 270 1329 308 tliiopicis
1351 280 1425 308 quae
1448 271 1477 299 in
1500 280 1558 299 uno
1581 273 1695 299 tautum
1718 271 1780 300 loco
1801 274 1955 300 occurrunt
1977 272 2096 302 eandem
2121 285 2209 312 quam
2237 285 2293 305 vox

46 326 191 356 tissimum
211 325 262 363 qui
283 324 389 354 Graece
411 323 505 353 adhuc
525 325 650 352 exstant.
693 323 858 352 Pei-multos
879 321 955 351 enim
970 321 1144 360 Aethiopum
1197 320 1305 350 Graeca
1331 321 1357 349 ei
1384 321 1561 359 respondens
1587 321 1675 350 habet
1703 324 1876 360 potestatem
1910 323 2083 360 attribuere,
2118 325 2148 354 ni
2175 327 2293 356 eandem

46 376 138 406 lituos
162 385 319 413 eorumque
346 385 420 413 quos
445 374 477 403 in
507 374 598 403 lexico
630 373 823 411 excerpsimus
852 372 992 411 plurimos
1018 382 1055 401 ex
1080 372 1143 401 aliis
1196 371 1221 400 ei
1243 371 1361 400 infuisse
1384 372 1447 400 aliis
1470 382 1584 409 quoque
1606 373 1718 401 indiciis
1740 375 1786 411 (ut
1801 376 1898 410 etymo
1915 373 1939 411 ¹)
1962 374 2007 402 vel
2023 375 2178 405 traditione
2187 376 2216 411 2)
2237 379 2294 407 Ae-

47 427 155 466 linguis
184 427 216 455 in
241 427 316 456 Gen
344 435 443 455 versos
469 435 532 455 esse
557 435 573 454 e
598 428 754 463 conspectu
782 435 869 462 quem
897 433 986 462 supra
1013 423 1144 452 dedimus
1196 422 1340 460 thiopum)
1363 423 1496 451 firmatur
1509 423 1542 459 ³).
1587 425 1626 452 At
1649 424 1821 462 ubicumque
1844 424 1963 453 eandem
1985 434 2082 454 vocem
2104 427 2242 457 Graecam
2264 429 2294 458 in

45 481 178 517 apparet.
221 477 259 507 Ei
281 487 379 506 omnes
401 477 426 506 si
448 486 512 506 cum
534 476 617 505 libris
638 475 709 514 ipsis
729 475 806 504 unde
834 475 910 504 versi
935 478 1004 504 sunt
1030 484 1143 512 compa-
1195 473 1277 502 libris
1300 473 1388 502 variis
1410 474 1455 502 vel
1477 474 1525 511 qui
1549 484 1565 502 a
1587 475 1674 503 variis
1697 475 1905 513 interpretibus
1926 476 2002 504 versi
2023 480 2090 505 sunt
2113 478 2211 507 eadem
2227 489 2294 509 voce

45 529 107 559 rari
127 528 305 568 potuissent,
331 538 415 557 nemo
429 537 487 556 non
502 527 583 556 videt
597 529 738 565 quantum
752 526 888 555 utilitatis
903 525 969 554 inde
984 525 1142 554 redundas·
1195 524 1365 562 Aethiopica
1386 525 1530 553 redditam
1553 525 1726 562 reperimus,
1754 526 1790 554 de
1817 536 1884 555 vera
1911 527 1973 562 ejus
2000 527 2207 565 significatione
2236 540 2293 560 non

45 582 99 610 nt.
141 579 200 610 Sed
221 579 307 608 aliter
327 589 359 608 se
380 589 427 608 res
449 578 545 607 habet.
591 578 666 607 Nam
687 577 755 606 licet
770 576 855 606 multi
869 577 928 606 sint
942 576 1009 605 libri
1024 576 1143 605 Aethio·
1195 578 1257 604 erat
1279 576 1357 613 quod
1379 575 1576 604 dubitaremus
1589 575 1624 613 ἦ).

44 630 102 670 pici
120 641 157 660 ex
170 630 295 660 Arabica
311 630 359 659 vel
379 629 437 658 alia
451 629 585 658 orientali
603 628 704 666 lingua
722 628 871 664 translati,
894 632 991 657 tamen
1007 638 1042 656 ne
1058 627 1142 656 unius
1278 627 1310 663 2)
1321 627 1467 655 Auxilium
1482 626 1556 654 alius
1570 626 1683 663 generis
1698 636 1715 654 a
1730 627 1907 665 philologieis
1922 633 1951 657 et
1966 630 2120 667 exegeticis
2135 631 2293 669 Abyssino-

44 681 162 720 quidem
177 682 325 720 exemplar
340 680 497 710 Arabicum
510 680 557 709 vel
571 679 601 708 in
616 680 673 708 alia
688 680 787 717 lingua
802 679 935 708 orientali
950 679 1143 717 conscriptum
1194 687 1259 705 rum
1274 677 1402 715 ipsorum
1417 676 1624 706 traditionibus
1634 677 1754 714 petitur.
1779 678 1853 706 Geez
1865 679 1939 707 enim
1951 679 2021 708 dum
2033 680 2097 709 viva
2108 686 2172 711 erat
2184 683 2292 721 lingua,

45 733 161 771 ..nequi
182 733 337 771 potuimus.
380 732 468 761 Nulla
489 731 564 760 enim
586 731 664 769 typis
679 731 757 760 edita
772 734 856 766 sunt3
878 731 934 760 alia
949 734 1063 760 exstant
1078 730 1142 768 qui-
1195 727 1376 756 literatorum
1395 727 1626 756 institutionibus
1645 727 1682 756 ad
1698 738 1760 756 eam
1775 728 1974 758 addiscendam
1990 731 2038 759 vix
2053 742 2126 769 opus
2141 737 2218 769 erat;
2242 735 2292 764 sed

44 783 112 813 dem
130 783 329 822 manuscripta
349 783 379 812 in
401 783 488 812 variis
503 783 637 820 Europae
659 782 841 812 bibliothecis
863 783 919 820 (ex.
941 792 984 820 gr.
1004 781 1141 811 Arabice:
1194 782 1348 817 postquam
1363 779 1487 817 populus
1502 779 1631 816 linguam
1645 778 1791 808 dediscere
1805 783 1835 808 et
1850 780 2000 810 Amharice
2017 782 2093 819 loqui
2109 785 2214 822 coepit,
2230 790 2292 815 stu·

44 834 219 872 Synna-is,
240 834 536 870 HaimAuota-Abau,
558 834 651 870 Fetha
674 834 799 871 Nega-st,
828 834 1064 870 Chrysostomus,
1091 832 1142 862 Di·
1194 829 1242 858 dia
1256 829 1397 867 quaedam
1410 829 1583 867 philologica
1597 840 1654 858 non
1669 833 1805 868 poterant
1820 840 1877 859 non
1891 841 2044 869 emergere.
2079 834 2118 862 Et
2132 845 2194 864 cum
2210 837 2292 872 δρα,

44 885 184 924 dsscelis)
205 885 257 915 sed
278 896 297 914 a
317 885 400 914 nobis
416 885 517 924 inspici
539 895 596 914 non
619 889 770 923 poterant:
793 885 850 913 alia
871 888 968 914 autem
990 883 1142 922 deperdita
1194 880 1281 909 etiam
1295 891 1348 919 per
1363 891 1398 909 ea
1412 890 1485 918 quae
1500 881 1698 918 sequebantur
1710 884 1849 919 tempora,
1865 881 1979 919 linguae
1991 893 2088 912 sacrae
2103 892 2133 913 et
2148 886 2292 917 literni-iae

45 937 93 967 vol
113 937 242 966 nondum
263 936 293 965 in
308 937 456 975 Europam
473 940 673 975 transportata
688 938 772 972 sunt;
793 936 918 974 denique
933 935 982 964 ubi
997 935 1143 973 exemplar
1193 931 1368 969 dignitatem
1382 931 1513 961 obtinere
1535 941 1593 960 non
1615 931 1773 968 desineret,
1795 931 1972 961 exstiterunt
1988 933 2151 964 literatores
2166 938 2216 974 qui
2231 949 2292 967 eam

45 988 210 1018 Hebraeum
235 987 486 1026 (Pseudojosephi)
513 988 559 1016 vel
579 987 718 1016 Latinum
745 986 899 1025 (versionis
920 986 1069 1016 Canonum
1092 985 1141 1014 Ni-
1193 982 1223 1011 in
1238 982 1341 1011 scholis
1357 983 1499 1012 docebant
1513 983 1710 1020 librorumque
1729 983 1903 1021 interpretes
1917 994 1947 1012 se
1962 985 2182 1022 profitebantur.
2214 989 2292 1024 Quae

43 1049 179 1069 enorum
215 1049 251 1068 ex
284 1039 399 1068 arabica
431 1039 531 1077 lingua
560 1039 598 1067 ab
625 1039 771 1067 Abraham
799 1037 962 1067 Echellensi
993 1038 1086 1066 sactae
1112 1037 1142 1065 in
1194 1034 1291 1062 studia
1306 1034 1436 1072 quamvis
1451 1034 1617 1062 labentibus
1632 1034 1752 1063 saeculis
1764 1034 1854 1071 magis
1866 1035 2014 1072 magisque
2029 1035 2233 1074 decrescerent,
2249 1043 2292 1068 ta-

44 1090 141 1120 Hnnsi
167 1090 196 1120 11
220 1100 250 1129 p.
272 1091 332 1120 981
350 1090 422 1128 seq.)
447 1090 493 1119 vel
515 1090 663 1127 Syriacum
689 1089 895 1127 (quarumdam
918 1088 1029 1118 Gadela
1049 1088 1142 1117 Adam
1193 1095 1258 1114 meu
1274 1085 1328 1113 viri
1343 1085 1429 1122 hujus
1443 1085 1572 1123 generis,
1592 1085 1794 1120 fflPssb'fl
1811 1085 1828 1114 i.
1844 1095 1867 1114 e.
1884 1085 2017 1115 doctores
2032 1087 2115 1124 dicti,
2130 1089 2293 1120 etiamnunc

44 1144 76 1172 ot
96 1141 250 1172 Clementis
276 1141 483 1180 particularum
509 1140 539 1169 in
564 1141 687 1170 Journal
716 1139 866 1178 Asiatique
890 1140 928 1167 ΥΘ
950 1140 1037 1175 serie,
1063 1142 1084 1168 t.
1114 1139 1141 1168 11
1194 1136 1224 1165 in
1244 1135 1402 1173 Abyssinia
1423 1135 1624 1174 reperiuntur,
1653 1140 1682 1165 et
1704 1137 1840 1174 autiquae
1866 1136 1983 1175 linguae
2002 1138 2120 1168 seientia
2139 1142 2292 1178 quantula-

43 1203 73 1232 Ρ,
95 1194 158 1224 439
173 1192 246 1231 η)
267 1191 378 1221 ωῃςηιὶ
400 1193 528 1230 poterat,
550 1201 653 1229 parum
667 1201 732 1220 cum
748 1191 876 1220 versione
891 1191 1062 1229 Aethiopica,
1076 1200 1141 1219 con·
1194 1198 1314 1225 cumque
1338 1197 1428 1224 usque
1450 1187 1487 1215 ad
1511 1190 1639 1216 nostram
1661 1190 1786 1216 aetatem
1809 1198 1860 1226 per
1882 1198 1930 1216 eos
1953 1193 2122 1219 conservata
2143 1196 2196 1221 est.
2240 1193 2292 1222 His

43 1243 196 1274 sentiebat.
239 1244 281 1273 At
301 1242 351 1281 qui
373 1253 389 1271 e
411 1242 494 1272 libris
516 1242 631 1272 Graecis
654 1242 730 1272 versi
750 1245 831 1279 sunt,
853 1252 952 1271 eorum
967 1241 1142 1280 exemplaria
1194 1239 1377 1268 literatorum
1398 1238 1444 1267 vel
1466 1238 1616 1267 doctorum
1639 1238 1743 1267 studiis
1765 1242 1798 1267 ut
1817 1240 2022 1276 grammaticae
2043 1241 2126 1270 initia
2140 1242 2291 1280 debentur,

42 1294 154 1326 Gneo·
177 1295 208 1324 et
233 1296 403 1323 conservata
424 1296 454 1322 et
475 1293 554 1332 typis
577 1293 654 1322 edita
676 1296 761 1330 sunt,
790 1304 848 1322 non
877 1293 1002 1322 omnium
1025 1293 1141 1331 quidem
1193 1291 1236 1319 ita
1259 1293 1393 1319 constans
1421 1289 1563 1327 quaedam
1589 1289 1729 1318 librorum
1756 1290 2039 1329 interpretandarum
2065 1292 2140 1321 ratio
2166 1294 2289 1324 sonnatii

42 1345 96 1377 sod
125 1345 329 1385 plurimorum:
363 1344 484 1374 biblicos
515 1344 636 1374 dicimus
667 1345 794 1384 exceptis
826 1344 1084 1383 pseudepigraphis
1113 1346 1142 1373 et
1194 1345 1238 1371 est
1259 1351 1346 1379 quae,
1375 1340 1510 1379 primitus
1532 1340 1765 1370 institutionibus
1788 1341 1966 1371 scholasticis
1993 1352 2046 1380 per
2073 1342 2236 1374 docentium
2262 1350 2292 1374 et

42 1395 144 1435 cyrilli
169 1399 282 1435 portem
310 1395 476 1432 maximam
509 1396 618 1425 accedit
641 1396 862 1433 Clu-ysostomus
891 1396 941 1434 qui
967 1406 1141 1434 quamquam
1166 1383 1168 1411 l
1193 1393 1365 1422 discentium
1388 1391 1580 1421 successiones
1603 1392 1730 1428 tradita,
1759 1392 1879 1430 posthac
1901 1393 1987 1422 etiam
2010 1393 2102 1423 literis
2123 1396 2292 1434 consignata

41 1457 79 1478 ex
98 1447 223 1478 Arabico
243 1457 344 1477 versus
365 1450 462 1476 tamen
484 1447 587 1476 mirum
609 1452 750 1485 qnantum
773 1458 835 1476 cum
851 1447 959 1477 Graeco
979 1447 1140 1476 concordet.
1193 1448 1246 1474 est.
1290 1444 1390 1481 Neque
1413 1446 1509 1472 tamen
1532 1443 1619 1472 moris
1642 1446 1705 1472 erat
1727 1443 1873 1473 versiones
1896 1444 2036 1473 librorum
2057 1445 2290 1485 Aethiopicorum

41 1498 175 1529 Aliorum
200 1499 363 1537 fragmenta
388 1498 506 1537 quidem
532 1498 593 1528 sive
619 1499 727 1528 Graeca
758 1499 818 1528 sive
846 1499 951 1529 Latina
976 1502 1142 1537 supersunt,
1193 1496 1222 1525 in
1244 1495 1351 1533 linguis
1366 1495 1411 1523 vel
1426 1494 1556 1523 dialectis
1570 1494 1731 1523 vernaculis
1751 1494 1929 1524 conscribere
1943 1494 1981 1533 ⁶),
2004 1496 2054 1525 sed
2077 1496 2202 1526 locorum
2225 1501 2288 1528 tsn-

43 1553 78 1580 ut
103 1549 246 1587 Henochi,
272 1550 409 1587 Hermae,
435 1550 634 1580 Jubilaeorum
661 1550 704 1589 (in
730 1550 816 1579 libro:
844 1551 1031 1580 Monumenta
1060 1560 1141 1578 sacra
1194 1551 1255 1576 tum
1288 1546 1480 1575 difficiliorum
1519 1545 1565 1574 vol
1605 1545 1759 1574 verborum
1796 1546 1992 1575 obsoletorum
2032 1547 2291 1586 interpretamenta

41 1604 73 1631 ot
93 1601 216 1640 prossus
236 1611 252 1630 e
273 1601 360 1630 codic.
383 1601 457 1630 Bibl.
480 1600 688 1631 Anbmsisnae
716 1604 737 1630 t.
766 1601 792 1638 I,
820 1602 887 1631 fasc,
912 1602 924 1630 I
952 1601 996 1630 ed.
1019 1601 1141 1637 Ceriani,
1193 1597 1372 1636 marginibus
1391 1607 1491 1626 eorum
1518 1596 1549 1625 in
1575 1596 1680 1634 quibus
1706 1601 1861 1627 occurrunt
1889 1597 2029 1627 librorum
2056 1599 2218 1629 adscribere
2244 1601 2289 1630 vel

41 1652 160 1683 uediol.
186 1654 275 1683 1861.
298 1652 361 1691 4⁰),
391 1653 565 1691 Regularum
588 1652 746 1689 Pachomii3
775 1653 898 1682 aliorum
920 1653 1014 1682 versio
1036 1652 1141 1682 Latina
1192 1649 1294 1678 talium
1317 1648 1642 1687 interpretamentorum
1665 1649 1833 1687 compendia
1855 1649 1954 1678 brevia
1975 1650 2096 1688 singulis
2111 1650 2193 1680 libris
2208 1662 2291 1690 prae-

41 1705 71 1743 (ο
92 1703 201 1734 Gmoo
222 1703 311 1741 acta)
333 1707 398 1733 tota
419 1707 528 1740 exstat,
559 1713 596 1733 sc.
618 1704 742 1733 Hermae
764 1707 794 1733 et
815 1703 855 1733 IV
878 1704 980 1733 Ezrae.
1031 1703 1140 1733 Eodem
1193 1701 1280 1739 figere
1296 1700 1341 1730 vel
1356 1700 1541 1737 subjungere.
1580 1699 1719 1729 Permulti
1739 1700 1805 1729 libri
1822 1700 2025 1739 manuscripti,
2047 1702 2170 1731 maxime
2185 1702 2290 1739 biblici,

41 1754 194 1785 τοία-ιώ
225 1758 272 1784 est
302 1754 460 1784 Bibliorum
487 1755 723 1794 Aethiopicorum
755 1755 882 1784 recensio
915 1755 1072 1784 novissima
1099 1765 1140 1791 ea,
1165 1769 1168 1808 Ι
1193 1752 1333 1791 ejusmodi
1355 1751 1459 1790 glossis
1482 1751 1527 1780 vel
1549 1751 1711 1789 glossarum
1736 1751 1911 1790 compendiis
1926 1751 2060 1781 instructi
2075 1756 2150 1782 sunt.
2193 1754 2290 1783 Etiam

41 1815 117 1845 qm
142 1815 159 1835 ο
186 1805 268 1835 libris
290 1806 428 1835 Hebraeis
455 1806 532 1835 facta
552 1809 606 1835 est.
657 1807 766 1836 Horum
791 1806 884 1844 igitur
910 1807 1049 1836 librorum
1076 1817 1139 1836 ver·
1164 1818 1167 1835 ι
1192 1804 1339 1833 nominum
1363 1803 1581 1842 peregrinorum
1603 1802 1663 1831 sive
1686 1803 1869 1841 propriorum
1892 1803 1952 1832 sive
1979 1804 2220 1842 appellativorum
2248 1806 2290 1835 in-

39 1856 150 1887 tio-om
170 1856 370 1896 Aethiopicam
391 1867 454 1887 cum
476 1857 651 1887 editionibus
673 1857 789 1887 Graecis
811 1858 868 1896 (vel
891 1858 1004 1888 Latinis
1031 1862 1061 1887 et
1083 1858 1139 1886 He-
1164 1836 1168 1882 ¹2
1192 1855 1366 1894 terpretatio
1389 1855 1426 1884 ab
1448 1854 1505 1883 illis
1526 1854 1726 1883 literatoribus
1752 1857 1867 1883 tentata
1890 1858 1943 1884 est.
1987 1854 2116 1893 Denique
2138 1859 2290 1894 postquam

40 1907 150 1947 brasis)
170 1909 301 1938 conferre
321 1908 434 1938 licebat.
479 1909 561 1946 Quod
587 1909 814 1938 commodissime
835 1909 944 1939 cecidit.
993 1909 1038 1938 llli
1065 1909 1139 1938 enim
1191 1907 1304 1936 inscitia
1327 1916 1423 1935 sacrae
1445 1905 1560 1943 linguae
1583 1905 1674 1943 magis
1701 1905 1805 1941 crevit,
1834 1905 1863 1934 in
1890 1915 1973 1934 usum
1999 1905 2205 1944 discipulorum
2233 1909 2290 1937 alia

39 1959 108 1990 libri
128 1960 202 1998 (exc-
216 1959 436 1997 chrysostomo)
457 1963 492 1990 ut
513 1959 714 1998 antiquissima
733 1960 885 1990 literarum
905 1959 1139 1998 Aethiopicarum
1192 1969 1307 1996 quoque
1322 1957 1518 1992 vocabularia,
1541 1952 1703 1991 ss‘PssssF‘
1727 1956 1817 1992 dicta,
1843 1956 2000 1995 composita
2022 1961 2104 1994 sunt,
2133 1958 2162 1987 in
2185 1959 2290 1997 quibus

41 2014 228 2041 monumenta
247 2010 292 2040 ita
313 2020 348 2040 ea
369 2014 452 2047 sunt,
474 2021 548 2049 quae
571 2012 717 2041 vocabulis
739 2022 805 2041 raro
827 2011 920 2041 obviis
943 2012 986 2040 vel
1002 2011 1139 2040 obsoletis
1191 2010 1278 2040 etiam
1301 2009 1433 2047 vulgaria
1454 2011 1484 2037 et
1506 2007 1657 2037 tritissima
1680 2007 1818 2036 vocabula
1840 2008 1991 2037 Amharice
2019 2013 2211 2047 exponuntur.
2256 2011 2288 2040 In

39 2064 72 2093 st
91 2062 222 2093 obscenis
242 2062 366 2091 maxime
387 2062 536 2092 abundent
553 2067 583 2092 et
598 2063 674 2092 locos
696 2063 845 2093 intellectu
867 2063 1050 2092 difficillimos
1072 2072 1138 2091 con-
1191 2061 1235 2090 his
1257 2061 1348 2099 igitur
1370 2060 1474 2098 glossis
1496 2059 1540 2088 vel
1562 2059 1710 2097 glossariis
1732 2063 1762 2088 et
1784 2059 1975 2089 vocabulariis
1996 2059 2179 2089 domesticam
2196 2061 2288 2098 Abys-

40 2112 161 2143 fiunt.
209 2113 309 2152 Neque
334 2123 433 2143 eorum
456 2114 533 2143 locos
555 2118 669 2143 tantum
692 2114 885 2151 obscuriores,
914 2114 964 2143 illa
989 2124 1138 2152 eompara—
1163 2121 1165 2150 4
1191 2112 1318 2141 sinerum
1342 2111 1528 2140 traditionem
1551 2111 1586 2139 de
1610 2110 1865 2147 significationibus
1886 2111 2039 2140 verborum
2055 2111 2288 2150 Aethiopicorum

40 2163 120 2194 tione
139 2163 289 2202 instituta,
311 2165 458 2194 illustrare
480 2165 560 2200 licet,
581 2165 632 2195 sed
654 2165 743 2195 etiam
765 2166 794 2196 in
817 2176 915 2194 earum
937 2175 1012 2203 quae
1034 2175 1086 2203 per
1108 2176 1138 2194 se
1190 2163 1329 2192 contineri
1349 2165 1415 2199 jure
1437 2162 1553 2191 dixeris.
1596 2162 1726 2199 Eamque
1749 2161 1821 2190 satis
1848 2165 2027 2190 constantem
2054 2162 2154 2198 fuisse,
2181 2173 2197 2191 e
2223 2174 2287 2192 con-

41 2213 156 2244 minime
186 2215 323 2245 obscurae
353 2219 421 2246 sunt
448 2226 550 2245 vocum
576 2220 606 2246 et
631 2217 779 2255 plu-esium
807 2216 1065 2255 significationibus
1092 2227 1137 2245 ac-
1190 2224 1276 2243 sensu
1299 2214 1444 2242 variorum
1466 2213 1516 2251 qui
1539 2223 1614 2242 nunc
1636 2212 1780 2241 exsistunt
1804 2212 1890 2249 hujus
1911 2213 2023 2250 generis
2045 2213 2206 2243 libellorum
2221 2225 2286 2243 oon-

39 2265 169 2296 mrutim
190 2265 358 2297 definiendis
379 2272 410 2297 et.
431 2267 460 2296 in
484 2268 649 2305 synonymis
677 2272 754 2297 recte
780 2267 992 2306 distinguendis
1015 2268 1136 2296 multum
1186 2266 1276 2302 jicere
1303 2265 1380 2294 licet:
1415 2265 1503 2294 etiam
1531 2274 1605 2301 quae
1633 2263 1790 2302 Gregorius
1818 2263 1958 2302 Aethiops
1985 2264 2021 2292 dc
2049 2264 2287 2304 interpretatione

40 2316 198 2354 odiuntur
223 2317 274 2355 qui
303 2317 372 2355 quid
400 2319 539 2357 Aethiops
566 2319 726 2358 exprimere
755 2319 880 2349 voluerit
905 2329 941 2348 ex
972 2319 1034 2357 ipso
1064 2319 1136 2348 libro
1190 2317 1343 2345 verborum
1366 2316 1559 2345 difficilior-um
1582 2315 1696 2344 duobus
1718 2315 1822 2343 abhinc
1847 2315 1966 2344 saeculis
1989 2315 2111 2344 Ludolso
2133 2316 2286 2345 communi-

40 2367 150 2398 Graoco
171 2368 228 2405 (vel
251 2368 356 2397 Latino
384 2372 414 2398 et
435 2370 582 2408 Hebraeo)
609 2381 710 2400 eruere
738 2374 844 2409 potest.
895 2372 985 2407 Quam
1012 2371 1050 2399 ob
1077 2381 1136 2399 rein
1189 2367 1278 2402 mivit,
1302 2369 1360 2396 fere
1383 2367 1477 2396 omnin
1500 2377 1562 2395 cum
1586 2366 1619 2395 iis
1645 2376 1719 2404 quae
1743 2376 1794 2394 nos
1822 2365 1850 2394 in
1878 2365 2069 2396 vocabulariis
2084 2367 2203 2405 legimus
2221 2377 2286 2396 con-

40 2422 170 2449 nostrum
193 2429 254 2448 esso
277 2420 459 2450 censebamus
481 2425 514 2451 ut
535 2432 634 2451 omnes
656 2422 720 2451 illos
743 2421 832 2451 libros
854 2426 987 2451 necui-nte
1010 2432 1073 2451 cum
1089 2432 1135 2450 eo-
1188 2419 1318 2448 cordant.
1365 2419 1419 2448 [bi
1443 2429 1510 2447 vero
1532 2418 1568 2446 de
1591 2417 1795 2446 vocabulorum
1818 2416 1997 2454 expositione
2020 2417 2115 2446 variae
2137 2418 2284 2447 doctorum

39 2480 104 2500 rum
126 2470 254 2500 fontibus
276 2480 514 2509 compararemus.
1189 2470 1335 2508 opiniones
1358 2470 1546 2504 obtinebant,
1568 2469 1654 2505 hujus
1677 2468 1790 2505 generis
1814 2467 1987 2497 variationes
2009 2468 2095 2497 ctiam
2118 2468 2146 2498 in
2163 2469 2284 2498 vocabu-

124 2521 232 2551 Tamcn
255 2532 290 2550 ne
314 2522 366 2551 hoc
387 2522 503 2560 quidem
525 2524 663 2553 auxilium
685 2524 818 2554 omnihus
839 2524 1008 2554 definiendis
1031 2525 1135 2554 suflicit
1189 2521 1268 2550 lnriis
1297 2523 1453 2550 annotatae
1476 2531 1538 2549 esse
1561 2519 1671 2555 solent,
1700 2522 1747 2548 ut.-
1780 2516 2087 2553 fflss†v·nss')¹n¹
2110 2520 2139 2555 (i.
2162 2530 2185 2548 e.
2209 2521 2284 2554 110·

38 2581 90 2602 nec
121 2571 193 2602 siae-
213 2573 344 2602 cautione
377 2574 501 2611 quadam
528 2574 722 2604 adhibendum
753 2579 806 2605 est.
855 2577 1033 2613 Quamquam
1061 2576 1135 2605 enim
1188 2569 1275 2606 λἸἲΙ
1304 2573 1348 2601 Vt'l
1377 2569 1506 2607 ”¹⁰2ss
1517 2565 1850 2609 ὴῇὢςῖῙἹῑωΙΙηΙ
1879 2570 1909 2608 (ῐ-
1932 2581 1955 2599 0·
1980 2565 2283 2608 fflss¹nfiflst⁸⁸)†

37 2623 197 2662 Aethiopes
211 2623 349 2653 librorum
367 2624 540 2663 interpretes
557 2625 806 2664 finguqumo
821 2627 1024 2665 peritissimos,
1045 2628 1136 2657 multo
1188 2619 1378 2663 Rhfif'fl.
1413 2623 1457 2652 vel
1485 2612 2107 2660 ἡἹΙῙΑῨΠΙἸΠῘΙἾῑῘΙἹΙΡΑἵῖβῙ
2138 2622 2168 2658 (l-
2195 2633 2219 2651 Φ·
2247 2620 2282 2659 β

38 2674 191 2714 peritiores
213 2685 281 2705 sone
303 2686 388 2714 quam
411 2676 682 2714 cxslaectaverimus,
704 2687 734 2706 se
756 2678 913 2716 praelmnt,
939 2683 1034 2707 tamen
1057 2679 1134 2708 inve·
1206 2707 1231 2710 ,ἢ
1252 2708 1272 2709 7
1292 2707 1333 2710 ,a
1383 2708 1387 2709 ⁷

38 2725 160 2755 niuntur
181 2726 234 2755 loci
258 2726 287 2755 in
309 2727 414 2765 quibus
438 2728 524 2756 verba
540 2728 648 2756 Graeca
667 2738 724 2757 non
738 2728 809 2758 satis
825 2729 1028 2758 intellexerunt
1045 2740 1135 2768 neque

40 2781 116 2806 mete
138 2777 334 2807 reddiderunt.
386 2779 501 2808 Accedit
528 2779 605 2816 quod
636 2778 664 2808 in
692 2779 915 2818 interpretandis
943 2781 1023 2809 libris
1051 2781 1136 2810 modo

38 2826 123 2858 tidem
144 2828 298 2859 verborum
320 2830 446 2868 pressius
469 2829 559 2859 secuti
582 2833 665 2866 sunt,
692 2829 778 2859 modo
798 2839 913 2860 sensum
936 2831 1026 2870 tnagis
1049 2843 1134 2870 qutun

38 2879 129 2908 verbs
149 2879 336 2918 exprimenda
358 2880 412 2910 sibi
434 2883 657 2920 proposui-runt.
702 2881 855 2911 Praeterea
877 2881 939 2911 fleri
965 2882 1062 2921 potuit
1084 2894 1136 2912 nec

1261 2764 1334 2794 1)ut
1354 2761 1379 2787 11
1399 2756 1531 2796 0251,
1547 2755 1687 2795 07223».
1706 2756 1844 2793 ιμήν
1864 2761 1898 2786 nl.

1258 2813 1285 2847 2)
1305 2816 1335 2839 ¹¹²
1354 2806 1601 2847 'tn'fqfflss's
1629 2807 1786 2844 ΤΟΦἻΙ
1806 2812 1839 2838 ⁸¹·

1258 2866 1284 2898 ³)
1305 2865 1446 2899 Exemplis
1470 2868 1534 2893 sunt
1557 2859 1702 2898 (DQ-2¹¹2
1736 2858 1894 2896 rq'bh
1924 2861 1947 2888 ¹¹
1972 2854 2088 2894 MR
2121 2856 2279 2895 ‘²⁸8⁸’

1187 2912 1358 2950 ’Μ’ὒθτ,
1387 2910 1566 2950 tamon
1592 2920 1615 2947 11
1640 2909 1811 2947 imina-,¹
1831 2913 1865 2939 ιι.

39 2939 106 2960 ruo
127 2929 234 2960 aetum
256 2934 316 2968 est,
338 2935 373 2961 ut
394 2934 446 2961 sut
468 2931 520 2961 loci
543 2931 659 2970 quidam
679 2930 780 2961 Graeci
794 2931 823 2961 in
838 2932 946 2962 nostris
960 2933 1135 2963 editionibus

37 2980 123 3011 aliter
138 2981 304 3019 legerentur
318 2986 407 3021 atque
422 2983 459 3012 sb
476 2983 616 3021 Aethiope
632 2982 696 3011 lecti
712 2986 796 3018 sunt,
815 2986 869 3013 sut
882 2982 911 3012 in
926 2983 990 3023 ipss
1004 2985 1135 3015 versione
1256 2969 1283 3041 ἒξ
1297 2959 1915 3041 ¹3:3¹3:3¹12¹ffgt228⁸7ffi5122329gs
1923 2955 2280 3038 ’Μῒέέξζέιέἑρζῖἶὶἶ

36 3024 208 3071 Μώμο-
228 3031 315 3062 Ιωῑὶο
335 3033 461 3071 muiu-
483 3033 602 3073 pul-¹¹⁸⁶
628 3034 837 3072 depr-'m‘
863 3033 909 3063 *ἃ
936 3034 985 3063 ⁸¹⁵³
1012 3035 1134 3066 00d⁶f⁶t·
1184 3058 1232 3077 ne·
1252 3050 1415 3078 Ami-rim
1434 3051 1474 3083 (ut
1493 3049 1557 3075 eod.
1579 3048 1668 3075 cuv.
1690 3046 1781 3074 σπι.
1800 3045 1907 3080 cava)
1926 3045 2092 3073 novissim-e
2111 3045 2278 3073 „mm-0

37 3082 234 3119 em.m·
256 3083 507 3124 circumspicienda
529 3089 597 3115 sunt
620 3085 643 3115 si
667 3084 731 3122 qui·
753 3083 807 3114 hoc
821 3084 930 3116 utilio
943 3086 987 3116 nti
1001 3085 1134 3118 voluerit.
1184 3093 1320 3120 videntur.

1957 3144 1974 3171 lv
