2519 3350
195 78 231 101 lv

193 177 262 198 esse
285 176 470 208 persuasum
494 165 662 205 habemus,
687 170 791 196 tamen
815 164 911 195 multa
935 169 1009 195 sunt
1031 164 1141 195 relicta
1164 164 1263 195 dubia
1285 175 1343 195 nec
1366 164 1426 196 nisi
1449 163 1642 206 conjecturis
1664 163 1792 195 incertis
1814 167 1954 203 tentata,
1981 163 2135 195 nonnulla
2155 163 2251 205 plane
2274 163 2422 195 obscura.

194 225 268 256 Non
293 226 397 256 onmia
422 236 530 256 omnes
552 225 764 266 perspiciunt:
793 224 843 254 alii
867 234 996 264 quoque
1020 223 1050 254 in
1073 223 1133 254 hac
1157 234 1253 255 arena
1275 223 1512 265 periclitentur!
1556 223 1585 254 E
1609 223 1769 255 communi
1797 223 2008 254 scrutantium
2037 233 2136 264 opera
2163 222 2280 254 veritas
2308 222 2423 253 victrix

194 284 346 325 prodibit.

320 343 356 375 In
379 343 473 375 rebus
499 342 539 374 ad
562 343 801 384 grammaticam
824 341 1053 382 pertinentibus
1077 341 1118 372 ad
1141 346 1286 373 nostrum
1316 342 1432 373 librum
1462 353 1544 373 anno
1567 341 1699 373 Domini
1721 339 1986 373 MDCCCLVII
2015 340 2135 372 editum
2165 341 2422 382 provocavimus.

193 404 236 433 At
261 414 324 434 non
348 403 451 433 omnia
475 414 555 443 quae
578 403 609 432 in
632 401 686 432 illo
710 401 876 442 proposita
899 401 949 431 vel
972 405 1145 442 praecepta
1167 405 1241 432 sunt
1264 401 1437 432 etiamnum
1459 411 1518 433 nos
1540 401 1623 432 tueri
1652 400 1704 432 hio
1733 404 1887 432 annotare
1910 399 2014 431 liceat.
2061 399 2312 432 Grammaticam
2341 401 2424 432 enim

194 474 264 493 cum
299 462 586 500 conscriberemus,
620 460 728 492 multis
761 460 791 491 in
820 460 915 492 rebus
947 472 1011 491 non
1046 460 1104 492 nisi
1134 459 1318 491 Ludolfiani
1350 459 1444 491 lexici
1478 460 1670 491 auctoritate
1699 459 1893 497 nitebamur3
1920 461 1987 502 jam
2015 470 2091 491 vero
2120 464 2293 501 postquam
2323 464 2425 491 totam

193 520 421 552 vocabulorum
444 521 680 560 formarumque
703 519 829 560 copiam
851 520 911 562 ipsi
934 520 1126 561 perscrutati
1149 519 1392 561 descripsimus,
1416 519 1541 561 singula
1565 530 1637 550 cum
1660 518 1691 549 in
1715 523 1806 560 parte
1829 518 2045 562 etymologica
2066 523 2134 550 tum
2158 519 2235 550 alias
2257 518 2422 559 mutanda,

193 579 408 619 emendanda,
432 578 580 610 addenda
603 578 766 610 habemus.

319 639 403 670 Toto
437 650 534 680 opere
563 640 629 680 jam
663 638 847 679 conscripto
882 640 1013 680 ejusque
1046 643 1136 681 parte
1170 638 1306 680 plurima
1339 638 1426 680 typis
1460 648 1579 669 excusa
1612 637 1752 669 WVerner
1784 637 1997 680 Muuzinger,
2036 637 2248 680 investigator
2281 637 2426 680 gentium

193 698 425 740 Abyssinarum
448 698 656 739 peritissimus
678 696 872 737 indefessus,
903 703 970 729 tum
993 698 1147 739 temporis
1169 698 1201 728 in
1223 697 1360 739 patriam
1382 697 1508 728 Bernae
1530 697 1643 728 urbem
1665 708 1829 738 reversus,
1858 701 2032 739 postquam
2054 697 2149 728 lexici
2171 697 2273 729 nostri
2300 701 2425 739 partem

193 757 294 798 primo
318 757 434 788 editam
456 757 609 798 inspexit,
634 756 881 788 Vocabularium
904 756 1031 788 dialecti
1056 757 1220 799 Tigrensis
1244 756 1502 798 septentrionalis
1526 756 1565 787 ab
1589 756 1660 798 ipso
1684 756 1854 788 collectum
1876 756 1961 788 ultro
1984 756 2077 789 nobis
2100 756 2218 788 obtulit
2241 756 2283 788 ad
2306 756 2427 788 calcem

193 817 293 848 nostri
317 816 387 847 libri
412 816 578 848 edendum.
625 816 730 856 Quam
754 816 984 856 conditionem,
1015 828 1087 848 cum
1110 817 1142 848 in
1165 816 1225 848 hac
1248 816 1386 848 dialecto
1414 816 1531 847 multas
1559 816 1711 857 antiquae
1734 815 1900 857 Tigrensis
1929 816 1980 847 vel
2004 815 2092 848 Geez
2119 816 2247 858 linguae
2274 815 2426 857 reliquias

193 876 347 907 contineri
374 881 405 907 et
434 875 573 918 linguam
601 881 758 906 mortuam
781 875 916 907 dialecto
941 876 1032 908 vivae
1056 875 1294 917 quodammodo
1323 875 1466 917 suppleri
1492 886 1706 915 sumeremus,
1734 886 1794 907 nos
1823 874 1968 916 quidem,
1997 876 2214 907 consentiente
2242 875 2429 917 bibliopola,

194 935 327 967 libenter
349 935 546 976 accepimus,
576 944 633 966 nee
657 934 742 965 aliud
766 935 940 976 quidquam
964 936 1048 977 pacti
1072 946 1198 975 sumus,
1228 935 1287 967 nisi
1310 940 1346 966 ut
1369 935 1568 977 singulorum
1591 934 1823 966 vocabulorum
1854 934 2072 976 pronuntiatio
2105 939 2255 966 accurate
2283 934 2426 966 notanda

194 1002 288 1027 esset.
332 994 485 1036 Ejusdem
509 994 635 1025 dialecti
659 994 849 1036 opusculum
877 995 1119 1036 grammaticum
1146 1000 1182 1026 ut
1209 994 1346 1036 posthac
1373 994 1497 1034 ederet,
1528 998 1692 1026 auctorem
1720 993 1807 1025 haud
1835 994 1953 1026 frustra
1984 994 2174 1026 monuimus.
2222 994 2302 1036 Ejus
2328 994 2427 1036 igitur

195 1053 433 1086 vocabularium
456 1054 518 1085 tale
541 1053 634 1094 quale
656 1054 756 1095 ipsius
778 1066 872 1086 manu
895 1055 1050 1096 scriptum
1074 1054 1251 1096 recepimus
1275 1054 1363 1096 typis
1386 1053 1632 1086 exscribendum
1655 1054 1846 1085 curavimus.
1898 1053 1963 1085 Pro
1987 1054 2152 1086 sententiis
2174 1053 2207 1085 in
2228 1053 2428 1095 praefatione

194 1113 368 1155 propositis
386 1113 460 1155 ipse
483 1113 580 1144 stabit
603 1118 728 1144 auctor:
753 1113 792 1145 de
815 1114 884 1146 aliis
907 1114 1117 1155 quibusdam,
1141 1114 1278 1145 maxime
1300 1124 1383 1155 quae
1406 1113 1447 1144 ad
1470 1113 1734 1156 orthographiam
1756 1113 1934 1155 pertinent,
1958 1112 2175 1145 dubitavimus
2199 1112 2346 1154 quidem,
2370 1112 2429 1146 sed

194 1173 363 1223 quominus
386 1172 601 1204 dubitationes
625 1173 748 1204 auctori
771 1174 1092 1213 communicaremus,
1119 1174 1220 1215 ipsius
1243 1184 1328 1205 nova
1349 1173 1381 1204 in
1403 1173 1547 1204 Africam
1575 1173 1793 1216 peregrinatio
1824 1173 2000 1215 prohibuit.
2049 1173 2231 1214 Postquam
2258 1177 2366 1204 autem
2387 1171 2429 1204 de

194 1232 396 1273 Munzingeri
429 1231 634 1263 vocabulario
668 1232 755 1274 typis
789 1232 977 1265 excudendo
1011 1234 1220 1265 constitutum
1249 1237 1332 1273 erat,
1367 1233 1463 1264 etiam
1490 1233 1633 1264 Antoine
1658 1232 1857 1273 d‘Abbadie,
1890 1232 2125 1275 Francogallus
2153 1232 2369 1265 nobilissimus
2397 1236 2430 1264 et

194 1291 419 1331 amicissimus,
448 1302 512 1332 qua
534 1296 581 1322 est
603 1291 807 1332 liberalitate,
835 1302 925 1324 suam
947 1292 1089 1334 ejusdem
1111 1292 1239 1324 dialecti
1268 1292 1499 1324 vocabulorum
1529 1291 1751 1325 collectionem
1778 1292 1871 1324 nobis
1897 1292 2052 1334 permisit.
2101 1291 2180 1324 Inde
2207 1303 2246 1324 ea
2275 1302 2358 1333 quae
2387 1291 2429 1324 ad

194 1350 415 1392 complendam
446 1350 647 1391 Munzingeri
676 1351 896 1383 collectionem
928 1351 1045 1383 idonea
1077 1351 1268 1383 videbantur
1301 1352 1520 1393 excerpsimus
1554 1356 1601 1392 et,
1636 1352 1783 1393 quamvis
1816 1352 1897 1383 alter
1930 1352 1970 1383 ab
2004 1352 2105 1383 altero
2138 1352 2170 1383 in
2203 1351 2364 1384 scribendi
2397 1357 2430 1383 et

195 1409 420 1451 pronuntiandi
443 1410 567 1441 ratione
591 1409 771 1450 dissentiat,
795 1411 878 1442 illius
900 1411 1008 1442 libello
1032 1411 1262 1453 subjunximus.
1307 1410 1415 1442 Etiam
1437 1410 1654 1443 meridionalis
1677 1411 1805 1444 dialecti
1828 1411 1994 1454 Tigrensis
2018 1411 2261 1443 vocabularium
2283 1410 2431 1453 possidet

194 1469 394 1507 d'Abbadie,
423 1469 509 1510 quod
534 1474 568 1500 ut
590 1469 709 1510 publici
728 1471 809 1512 juris
832 1471 929 1502 faciat
952 1482 1116 1502 monemus
1139 1476 1172 1502 et
1191 1481 1355 1512 rogamus.

321 1529 371 1559 De
395 1535 524 1560 externa
546 1529 654 1570 specie
675 1530 774 1562 nostri
798 1530 870 1562 libri
892 1530 923 1561 in
946 1530 1074 1562 officina
1096 1530 1132 1562 F.
1158 1531 1200 1562 A.
1223 1530 1415 1562 Brockhaus
1438 1531 1590 1573 exscripti
1612 1541 1719 1573 pauca
1738 1531 1891 1563 habemns
1907 1530 2077 1562 monenda.
2122 1530 2292 1573 Typorum
2307 1530 2430 1562 formae

195 1587 460 1628 Aethiopicomm
484 1594 515 1619 et
540 1588 783 1620 Amharicorum
805 1590 837 1620 in
860 1589 921 1621 hoc
951 1601 1047 1632 opere
1074 1589 1254 1630 adhibitae,
1284 1600 1478 1631 quamquam
1508 1590 1546 1622 iis
1574 1591 1628 1632 qui
1657 1591 1754 1623 libros
1782 1591 1996 1632 Aethiopicos
2023 1590 2260 1632 manuscriptos
2286 1589 2429 1622 nondum

195 1646 341 1688 legerunt
374 1647 534 1687 insuetae,
568 1653 671 1679 tamen
702 1649 841 1690 optimae
869 1654 943 1681 sunt
969 1654 1001 1680 et
1029 1649 1069 1681 ad
1097 1649 1184 1691 leges
1213 1649 1440 1691 calligraphiae
1467 1649 1679 1692 Abyssinicas
1712 1650 1848 1682 maxime
1881 1650 2053 1692 adaptatae
2085 1660 2168 1691 quae
2194 1649 2228 1681 in
2255 1649 2431 1682 Germania

196 1705 405 1737 inveniuntur.
462 1706 645 1747 Totumque
679 1719 761 1749 opus
794 1708 956 1750 specimen
989 1709 1066 1741 artis
1099 1708 1355 1751 typographicae
1387 1710 1565 1751 perfectum
1599 1714 1632 1741 et
1664 1710 1793 1741 officina
1826 1709 2033 1742 celeberrima
2066 1708 2200 1752 dignum
2233 1720 2302 1742 esse
2334 1720 2430 1741 nemo

196 1765 381 1796 infitiabitur
404 1766 473 1806 qui,
497 1772 577 1807 quot
599 1772 630 1798 et
653 1778 748 1808 quam
771 1769 876 1799 variae
899 1773 1049 1810 typorum
1073 1769 1192 1800 formae
1215 1769 1247 1799 in
1270 1779 1308 1800 eo
1331 1768 1532 1801 adhibendae
1555 1769 1689 1810 fuerint,
1713 1780 1821 1802 secum
1837 1768 2054 1812 perpenderit.
2087 1768 2156 1802 Soli
2171 1769 2267 1812 hujus
2283 1768 2431 1801 officinae

197 1824 396 1856 characteres
418 1824 542 1867 Syriaci
566 1837 700 1867 quorum
723 1827 754 1858 in
777 1826 839 1858 boc
861 1827 943 1859 libro
966 1839 1042 1860 usus
1071 1828 1174 1860 factus
1201 1833 1250 1860 est
1276 1827 1434 1860 inferioris
1462 1833 1538 1860 sunt
1566 1833 1670 1861 notae.
1720 1828 1785 1870 Qui
1814 1829 1902 1871 quod
1933 1829 2118 1861 melioribus
2147 1828 2338 1861 commutari
2365 1839 2429 1860 non

197 1889 362 1925 poterant,
387 1894 456 1915 cum
481 1885 610 1917 lecturis
632 1897 689 1918 nos
713 1887 773 1927 ipsi
796 1887 1000 1919 vehementer
1022 1887 1175 1920 dolemus.

322 1942 359 1973 In
383 1943 580 1986 corrigendis
602 1944 762 1977 schedulis
785 1957 842 1987 per
866 1945 1107 1986 quadriennium
1128 1947 1260 1978 multam
1277 1948 1509 1980 consumsimus
1525 1959 1672 1989 operam,
1697 1948 1728 1979 in
1743 1948 1921 1990 iisdemque
1936 1948 1996 1980 Dr.
2011 1948 2056 1980 H.
2073 1948 2194 1988 Lotze,
2216 1947 2430 1990 Lipsiensem‚

197 2002 361 2033 nobiscum
391 2002 630 2044 diligentissime
657 2004 821 2037 laborasse
847 2011 940 2048 grato
969 2006 1073 2037 animo
1102 2007 1334 2048 praedicamus.
1388 2007 1506 2038 Errata
1539 2007 1783 2050 typothetarum
1810 2008 1896 2040 haud
1922 2009 1968 2040 ita
1995 2008 2114 2048 multa,
2147 2017 2230 2049 quae
2257 2011 2430 2049 utrumque

198 2062 346 2102 fugerunt
377 2068 605 2102 correctorem,
640 2063 698 2095 sub
727 2064 819 2095 finem
848 2065 955 2106 operis
983 2066 1150 2097 emendata
1178 2066 1339 2097 invenient
1366 2067 1513 2098 lectores.
1565 2067 1639 2098 Alia
1666 2067 1825 2109 quaedam
1847 2069 1915 2101 sine
1944 2068 2042 2100 dubio
2072 2068 2245 2099 etiamnum
2270 2067 2303 2100 in
2332 2077 2430 2109 opere

198 2120 313 2158 latent,
343 2122 526 2162 praesertim
550 2122 580 2153 in
603 2123 741 2155 numeris
765 2135 902 2164 quorum
925 2125 1077 2157 immensa
1099 2125 1271 2158 multitudo
1295 2126 1339 2157 ibi
1363 2126 1556 2158 continetur:
1591 2138 1629 2158 ea
1650 2138 1816 2169 speramus
1838 2128 1907 2160 fore
1929 2128 2033 2159 minus
2055 2127 2169 2170 gravia
2190 2131 2223 2160 et
2244 2137 2283 2159 ea
2305 2137 2390 2169 quae
2411 2137 2431 2158 a

198 2179 328 2211 lecturis
352 2180 429 2220 ipsis
451 2181 540 2212 facile
564 2182 722 2213 emendari
746 2183 879 2224 possint.

323 2239 473 2270 Publicae
497 2246 601 2271 autem
624 2240 734 2273 laudes
757 2247 789 2272 et
811 2243 933 2284 gratiae
957 2242 1114 2274 debentur
1137 2245 1205 2275 viro
1230 2245 1477 2285 humanissimo,
1508 2246 1670 2278 literarum
1693 2246 1833 2289 adjutori
1857 2247 1977 2289 optime
2000 2247 2130 2287 merito,
2158 2246 2197 2278 Τ.
2222 2245 2265 2279 Ο.
2288 2245 2430 2288 Weigel‚

199 2297 390 2339 bibliopolae
414 2298 588 2339 Lipsiensi,
616 2300 669 2340 qui
694 2300 754 2332 hoc
784 2312 882 2342 opus,
913 2302 1016 2334 minus
1038 2303 1228 2335 lucrativum
1252 2316 1348 2345 quam
1371 2310 1613 2346 sumptuosum,
1643 2317 1747 2347 neque
1774 2307 1806 2338 in
1834 2306 2015 2348 aequalium
2042 2311 2167 2338 tantum
2193 2305 2252 2339 sed
2278 2305 2373 2338 etiam
2399 2305 2433 2337 in

200 2363 399 2398 posterorum
422 2369 512 2389 usum
537 2360 770 2400 conscriptum,
793 2360 858 2392 suis
881 2361 1031 2402 impensis
1054 2363 1186 2404 vulgare
1208 2368 1330 2395 tantum
1353 2364 1445 2396 abest
1465 2369 1502 2395 ut
1523 2364 1735 2406 dubitaverit,
1758 2371 1795 2398 ut
1810 2366 2067 2408 splendidissime
2082 2367 2170 2408 typis
2185 2363 2431 2408 imprimendum

199 2416 368 2448 curaverit.
414 2415 592 2448 Rarescunt
616 2418 663 2450 his
685 2420 882 2461 temporibus
906 2421 924 2451 ii
950 2421 1003 2461 qui
1027 2422 1057 2452 in
1081 2422 1168 2454 libris
1191 2422 1383 2455 redimendis
1405 2428 1437 2455 et
1459 2424 1629 2466 vulgandis
1650 2436 1716 2457 non
1738 2426 1862 2458 lucrum
1884 2430 2009 2457 tautum
2033 2425 2232 2466 faciendum,
2255 2423 2313 2458 sed
2336 2424 2433 2456 etiam

199 2475 360 2507 literarum
384 2475 562 2516 artiumque
586 2477 691 2508 studia
719 2479 937 2519 promovenda
964 2486 1121 2521 spectant.

327 2534 470 2566 Labores
494 2546 575 2575 quos
598 2547 655 2577 per
677 2538 876 2578 septennium
900 2540 1045 2571 omnibus
1070 2541 1133 2571 sere
1157 2540 1243 2573 horis
1263 2541 1439 2574 subsecivis
1454 2543 1531 2575 Kilii
1547 2544 1759 2577 IIolsatorum
1774 2544 1806 2576 in
1822 2545 1906 2577 hunc
1921 2545 2038 2577 librum
2056 2544 2262 2577 insnmsimus
2284 2553 2433 2575 enarrare

201 2600 230 2625 et
254 2594 342 2635 piget
364 2601 394 2624 ct
418 2593 561 2625 dedecet.
607 2594 671 2627 Sed
698 2595 768 2627 Deo
792 2597 833 2629 O.
859 2597 906 2628 M.
932 2610 996 2639 quo
1021 2599 1245 2641 benignissime
1264 2602 1398 2643 juvante
1421 2614 1504 2644 opus
1530 2603 1715 2636 inchoatum
1739 2605 1894 2646 pei-ficere
1909 2605 2074 2647 potuimus
2089 2608 2122 2636 et
2136 2602 2230 2635 decet
2245 2607 2279 2635 et
2292 2602 2433 2636 delectat

201 2653 318 2693 gratius
341 2664 436 2694 agere
459 2653 659 2686 humillimas.
705 2655 743 2686 Ei
768 2656 808 2687 sit
831 2657 932 2697 gloria
955 2658 984 2688 in
1008 2660 1186 2689 aeternum!

331 2745 452 2793 Dabam
477 2744 593 2777 Gissae
617 2745 784 2780 Cuttorum
815 2748 918 2781 idibus
940 2750 1028 2782 Junii
1053 2750 1343 2784 MDCCCLXIV.
