2519 3350
1014 734 1211 793 Augustus
1236 731 1419 778 Dillmann

960 879 1128 914 lecturis
1162 878 1336 913 salutem
1366 877 1474 912 dicit.

229 1038 388 1103 Linguae
410 1060 625 1101 Aethiopicae
648 1059 776 1091 lexicon
799 1070 919 1091 novum
942 1059 1090 1091 emissuri
1113 1069 1234 1092 sumus.
1280 1059 1333 1091 De
1356 1059 1462 1091 causis
1485 1059 1603 1100 quibus
1623 1059 1665 1090 ad
1686 1057 1926 1101 suscipiendum
1948 1057 2009 1089 hoc
2033 1068 2117 1099 opus
2139 1058 2346 1090 movebamur

92 1119 179 1152 nihil.
193 1130 276 1162 opus
298 1124 349 1152 est
368 1119 478 1151 multis
499 1119 650 1161 praefari.
694 1118 773 1151 Jobi
795 1117 929 1150 Ludolfi
950 1118 1094 1159 lexicon,
1124 1130 1183 1151 suo
1206 1119 1337 1152 saeculo
1360 1117 1668 1160 praeclarissimum,
1697 1118 1787 1160 quod
1809 1118 1882 1160 plus
1905 1123 2034 1149 centum
2057 1123 2087 1149 et
2112 1118 2347 1160 quinquaginta

91 1179 251 1213 annos-in
271 1179 322 1212 his
342 1177 654 1212 litemmflnibus
681 1189 842 1211 summum
868 1178 984 1210 merito
1014 1178 1183 1211 obtinebat
1210 1179 1398 1221 imperium,
1425 1177 1486 1209 hac
1514 1184 1626 1210 nostra
1653 1184 1758 1210 aetate
1786 1178 1883 1210 variis
1911 1177 2151 1220 philologorum
2180 1177 2347 1211 desideriis

91 1249 159 1272 non
180 1238 319 1281 amplius
339 1238 490 1271 sufficere
510 1239 595 1270 inter
609 1249 721 1271 omnes
737 1243 876 1270 constat.
914 1236 1076 1271 Subsidiis
1093 1239 1194 1279 enim,
1219 1249 1357 1280 quorum
1373 1238 1423 1269 vir
1438 1238 1573 1271 eximius
1589 1239 1621 1270 in
1636 1238 1691 1270 illo
1707 1237 1934 1280 componendo
1951 1249 2043 1270 usum
2059 1238 2134 1269 fecit
2151 1249 2346 1280 quamquam

90 1297 389 1342 diligentissimum,
418 1298 529 1331 lustris
556 1298 741 1330 novissimis
769 1309 887 1340 magna
908 1297 1038 1340 adjecta
1065 1304 1115 1331 est
1143 1299 1254 1341 copia,
1282 1298 1472 1340 praesertim
1500 1297 1656 1329 librorum
1677 1298 1948 1340 Aethiopicorum
1976 1308 2015 1330 ex
2037 1297 2215 1340 Abyssinia
2241 1303 2347 1330 trans-

91 1362 314 1402 portatorum,
337 1357 423 1391 imde
444 1359 611 1390 materiam
633 1358 732 1402 longe
753 1358 936 1390 uberiorem
959 1357 1129 1390 exhaurire
1152 1363 1185 1390 et
1207 1357 1325 1390 multas
1348 1368 1400 1390 res
1422 1368 1506 1399 quae
1534 1357 1677 1389 Ludolfo
1701 1357 1818 1389 dubiae
1839 1362 1871 1389 et
1891 1357 2075 1400 incognitae
2098 1362 2189 1389 erant
2211 1357 2348 1391 lucidius

92 1417 266 1461 explanare
287 1417 374 1451 lieet.
421 1417 549 1450 Deinde
571 1418 705 1451 scientia
728 1418 910 1462 linguarum
927 1429 992 1460 qua
1007 1417 1060 1450 ille
1075 1418 1159 1449 inter
1178 1418 1331 1460 aequales
1351 1417 1527 1458 eminebat,
1552 1422 1588 1449 ut
1603 1418 1744 1449 omnium
1760 1417 1805 1449 ita
1821 1415 2065 1456 Semiticarum,
2088 1423 2201 1450 nostro
2218 1418 2347 1465 saeculo

92 1478 288 1511 consociatis
311 1477 552 1521 philologorum
575 1477 690 1511 studiis
712 1479 841 1521 penitus
865 1477 988 1510 reculta
1010 1483 1042 1510 et
1064 1488 1103 1510 eo
1126 1489 1231 1520 usque
1253 1483 1405 1520 promota
1427 1482 1493 1518 est,
1516 1482 1553 1509 ut
1575 1477 1671 1509 etiam
1687 1477 1776 1510 Geez
1798 1477 1928 1519 linguae
1951 1488 2036 1509 nova
2051 1476 2124 1509 inde
2140 1476 2348 1509 affundantur

91 1538 213 1572 lumina
233 1542 282 1578 et,
313 1548 387 1570 cum
415 1537 449 1570 in
475 1538 569 1570 lexici
595 1543 689 1581 parte
717 1538 935 1582 etymologica
963 1542 1032 1569 tum
1058 1537 1090 1569 in
1119 1538 1354 1570 vocabulorum
1383 1537 1674 1580 significationibus
1703 1536 1888 1569 derivandis
1915 1542 1946 1569 et
1973 1536 2199 1579 disponendis,
2229 1537 2348 1570 multae

92 1598 185 1642 operi
205 1597 402 1630 Ludolfiano
425 1597 666 1630 emendationes
689 1598 754 1630 sint
776 1596 988 1630 adhibendae.
1034 1597 1209 1629 Praeterea
1230 1597 1394 1631 Ludolfus
1416 1597 1510 1630 nimis
1531 1597 1639 1629 brevis
1661 1602 1730 1628 erat
1751 1597 1783 1628 in
1806 1596 1983 1640 allegandis
2003 1597 2194 1629 testimoniis
2209 1603 2242 1629 et
2256 1597 2348 1636 locis,

92 1657 179 1691 unde
199 1656 347 1701 singulae
368 1667 467 1690 voces
489 1668 665 1700 earumque
687 1657 940 1700 significau'ones
962 1662 995 1690 et
1017 1658 1140 1690 formae
1159 1658 1392 1700 probarentur;
1423 1663 1457 1689 at
1483 1656 1551 1689 sola
1576 1657 1668 1689 unius
1692 1657 1752 1688 viri
1774 1656 1850 1689 licet
1872 1655 1936 1689 fide
1956 1656 2134 1699 dignissimi
2157 1657 2350 1690 auctoritate

93 1718 153 1751 niti
173 1722 211 1750 nt
232 1717 274 1750 ab
296 1717 480 1759 aequalium
502 1716 612 1749 indole
634 1728 769 1760 prorsus
785 1717 924 1749 alienum
940 1717 985 1749 ita
999 1717 1223 1750 subtilioribus
1238 1717 1421 1761 linguarum
1437 1717 1667 1759 literarumque
1683 1716 1798 1749 studiis
1813 1728 1927 1759 parum
1944 1717 2021 1748 utile
2037 1716 2173 1749 videtur.
2212 1717 2348 1750 Accedit

93 1776 201 1820 quod,
229 1777 386 1810 exhausta
408 1777 640 1820 exemplarium
663 1788 682 1809 a
704 1776 848 1809 Ludolso
871 1777 960 1820 typis
982 1777 1213 1819 impressorum
1237 1789 1340 1820 penu,
1369 1779 1436 1819 ejus
1464 1776 1545 1809 liber
1568 1782 1634 1809 tam
1657 1788 1731 1809 raro
1755 1777 1849 1808 venui
1873 1776 2058 1819 subjicitur,
2087 1782 2124 1809 ut
2153 1777 2194 1809 ab
2217 1778 2348 1809 emturis

93 1838 149 1870 vix
175 1837 359 1880 comparari
386 1837 501 1880 possit.
552 1836 680 1878 Quibus
710 1836 750 1869 de
777 1837 884 1870 causis
911 1838 979 1880 jam
1009 1842 1134 1879 septem
1163 1837 1281 1870 abhinc
1307 1837 1413 1878 annis,
1449 1842 1624 1879 postquam
1651 1836 1894 1880 grammaticam
1923 1836 2151 1878 Aethiopicam
2180 1836 2348 1875 edidimus,

91 1897 220 1931 lexicon
241 1908 362 1930 novum
385 1896 551 1929 elaborare
577 1897 670 1930 nobis
699 1897 903 1939 propositum
933 1902 1016 1929 erat:
1046 1908 1128 1939 opus
1156 1897 1424 1940 propositum,ut
1454 1897 1521 1929 sinc
1550 1908 1639 1929 mora
1667 1896 1934 1940 aggrederemur,
1969 1897 1996 1928 is
2023 1896 2079 1938 qui
2109 1896 2170 1928 hoc
2199 1896 2349 1929 volumen

94 1968 215 1990 venum
235 1956 295 1990 dat
315 1957 385 1999 ipse
407 1967 467 1989 nos
491 1957 626 1989 monuit.

220 2016 273 2050 De
301 2017 426 2049 ratione
454 2027 551 2058 quam
579 2017 612 2049 in
640 2015 861 2049 describendis
889 2017 1017 2060 linguae
1045 2017 1261 2059 Aethiopicae
1291 2018 1394 2059 copiis
1421 2016 1637 2058 sequebamur
1664 2017 1695 2048 in
1726 2016 1968 2060 prolegomenis
1999 2017 2100 2049 fusius
2129 2016 2347 2049 disseruimus.

93 2076 184 2118 Quid
205 2082 402 2119 quantumve
424 2076 455 2108 in
479 2076 540 2109 hae
562 2076 779 2119 descriptione
801 2077 1049 2118 profecerimus,
1076 2088 1142 2109 non
1164 2082 1310 2109 nostrum
1335 2083 1384 2109 est
1405 2076 1594 2119 dijudicare.
1638 2076 1794 2108 Judicent
1815 2077 1887 2110 alii,
1911 2076 1967 2108 sed
1991 2087 2031 2108 ne
2054 2077 2170 2119 injuste
2189 2076 2347 2119 judicent,

92 2147 200 2179 pauca
220 2136 379 2178 quaedam
402 2135 641 2179 praemonenda
662 2136 821 2169 videntur.
867 2136 1043 2169 Librorum
1058 2136 1255 2179 Aethiopice
1275 2137 1534 2179 conscriptorum
1550 2137 1606 2178 qui
1621 2135 1661 2168 ad
1678 2142 1808 2169 nostros
1823 2136 1892 2168 dies
1907 2137 2090 2168 conservati
2106 2142 2181 2169 sunt
2198 2147 2348 2168 numerus

94 2207 158 2229 non
180 2195 322 2229 infinitus
344 2201 393 2228 est
415 2208 520 2238 neque
543 2201 669 2235 tantus,
698 2202 732 2227 ut
757 2207 867 2228 omnes
891 2196 1087 2238 perlustrare
1111 2197 1204 2229 unius
1229 2196 1365 2228 hominis
1395 2197 1478 2228 vires
1501 2196 1649 2228 excedat.
1695 2197 1766 2229 Nec
1789 2195 1922 2228 dubium
1951 2201 1999 2228 est
2027 2196 2104 2238 quin
2134 2196 2171 2228 iis
2200 2196 2348 2228 omnibus

95 2255 256 2298 excerptis
278 2255 448 2289 thesaurus
469 2255 598 2299 liuguae
620 2256 724 2299 magis
747 2256 929 2299 completus
951 2257 1033 2289 effici
1057 2257 1210 2299 potuerit.
1256 2255 1322 2289 Sed
1346 2267 1405 2289 nos
1429 2255 1559 2298 quidem
1582 2267 1621 2288 ne
1643 2256 1725 2288 hanc
1749 2256 1885 2300 gloriam
1902 2261 2083 2298 peteremus
2100 2261 2132 2287 et
2147 2256 2230 2288 ultra
2246 2267 2347 2288 annos

92 2314 251 2358 quosdam
274 2315 483 2357 praestitutos
505 2315 650 2348 laborem
673 2321 819 2348 nostrum
843 2315 1106 2356 extenderemus,
1135 2317 1207 2359 ipso
1231 2322 1328 2358 pacto
1351 2327 1425 2348 cum
1455 2316 1632 2358 bibliopola
1662 2316 1748 2348 sacto
1777 2316 1866 2348 vetiti
1894 2327 2030 2348 eramus.
2082 2315 2199 2357 Neque
2228 2322 2348 2348 temere

94 2374 177 2407 hanc
199 2375 383 2417 pactionem
405 2375 571 2408 inivimus:
601 2387 674 2408 nam
698 2376 873 2408 verendum
896 2382 981 2415 erat,
1010 2388 1049 2408 ne
1073 2387 1157 2418 opus
1182 2376 1349 2419 permultis
1371 2382 1561 2418 exoptatum
1590 2382 1621 2408 et
1651 2376 1849 2408 incremento
1879 2375 2059 2408 studiorum
2089 2376 2346 2408 reviviscentium

93 2434 312 2468 necessarium
335 2435 419 2467 ultra
440 2434 571 2467 modum
593 2436 886 2478 procrastinaretur
901 2436 969 2476 vel,
993 2437 1020 2469 si
1037 2436 1115 2478 quid
1131 2436 1225 2469 nobis
1240 2435 1429 2475 accidisset,
1454 2435 1548 2477 plane
1564 2435 1595 2467 in
1611 2435 1736 2467 irritum
1752 2434 1891 2467 caderet..
1930 2435 2071 2467 Nostrae
2085 2442 2159 2468 sunt
2176 2435 2346 2467 memoriae

95 2494 168 2537 qui,
192 2499 367 2537 postquam
390 2505 514 2526 omnem
539 2505 673 2537 eamque
696 2495 826 2538 longam
851 2496 947 2528 vitam
972 2496 1002 2528 in
1027 2495 1209 2538 colligenda
1233 2496 1364 2527 materia
1389 2495 1604 2535 desudarunt,
1629 2496 1696 2527 fato
1712 2495 1837 2537 abrepti
1858 2500 1949 2535 sunt,
1974 2495 2162 2537 priusquam
2178 2494 2346 2526 thesauros

94 2565 219 2587 summa
241 2564 342 2596 opera
365 2559 397 2585 et
419 2553 584 2596 diligentia
606 2555 807 2597 conquisitos
831 2555 951 2598 publici
969 2556 1051 2598 juris
1075 2557 1226 2588 facerent.
1273 2555 1389 2597 Itaque
1405 2555 1506 2588 satius
1523 2554 1753 2594 censebamus,
1776 2561 1813 2586 ut
1832 2555 1917 2587 intra
1931 2554 2085 2587 arctiores
2101 2564 2184 2596 opus
2200 2558 2344 2586 nostrum

94 2614 332 2647 contineremus
355 2613 445 2647 fines.
491 2615 538 2646 At
560 2619 716 2656 quantum
738 2615 823 2647 intra
845 2615 1001 2658 temporis
1023 2616 1166 2658 spatium
1188 2615 1356 2648 definitum
1378 2617 1490 2658 peragi
1514 2620 1658 2657 poterat,
1681 2615 1846 2658 peregisse
1867 2614 1959 2647 nobis
1975 2613 2128 2646 videmur.
2172 2612 2344 2644 Librorum

95 2672 364 2715 Aethiopieorum
387 2673 628 2715 antiquissimos
650 2685 770 2716 eosque
793 2675 1002 2718 gravissimos
1024 2687 1136 2708 omnes
1158 2675 1189 2707 in
1213 2687 1280 2707 rem
1303 2680 1444 2708 nostram
1468 2675 1701 2712 convertimus:
1726 2673 1851 2706 radices
1872 2673 2027 2706 ducentas
2043 2672 2092 2704 vel
2109 2676 2269 2704 trecentas
2285 2682 2345 2704 nec

95 2743 160 2765 non
189 2732 262 2775 plus
289 2732 355 2765 duo
384 2733 482 2765 millia
514 2733 747 2765 vocabulorum
776 2734 946 2777 (stirpium
974 2740 1039 2766 tam
1069 2735 1244 2768 verbalium
1274 2746 1371 2777 quam
1401 2734 1632 2775 nominalium)
1663 2733 1806 2766 Ludolfo
1834 2734 1996 2777 incognita
2025 2739 2058 2764 et
2091 2731 2190 2764 multa
2215 2730 2343 2764 nomina

96 2793 267 2836 peregrina
290 2792 393 2825 lexico
417 2792 543 2835 adjecta
574 2792 746 2833 habemus,
782 2804 840 2825 nec
863 2793 1047 2830 dubitamus
1077 2795 1153 2837 quin
1183 2794 1342 2827 vocabula
1370 2795 1466 2836 (vere
1494 2793 1690 2836 Aethiopica
1718 2804 1777 2826 nec
1807 2792 1934 2824 aliunde
1965 2791 2140 2834 adoptata)
2167 2801 2250 2833 quae
2279 2802 2343 2822 non

95 2852 314 2885 recensuimus
336 2851 432 2896 longe
455 2853 609 2895 pauciora
633 2853 663 2884 in
687 2852 776 2885 libris
799 2852 855 2894 qui
878 2853 964 2896 apud
988 2854 1171 2897 Abyssinos
1194 2854 1463 2886 circumferuntur
1485 2854 1656 2896 supersint.
1704 2853 1752 2885 Ea
1775 2857 1888 2884 nostro
1912 2851 2062 2883 thesauro
2086 2850 2179 2883 facile
2206 2849 2342 2892 posthac

95 2911 284 2954 adjiciamus
308 2911 356 2944 vel
379 2911 531 2955 adjiciant
556 2913 613 2944 viri
637 2912 750 2944 haruin
774 2911 939 2945 literarum
961 2914 1055 2956 periti
1079 2914 1134 2956 qui
1157 2914 1188 2946 in
1212 2918 1377 2956 posterum
1399 2918 1474 2946 sunt
1500 2913 1608 2945 futuri.
1656 2912 1776 2945 Eorum
1801 2911 1922 2943 veniam
1938 2921 2101 2954 rogamus.
2146 2909 2342 2942 Eorumdem

97 2976 130 3004 et
151 2970 333 3013 aequalium
357 2971 481 3004 veniam
506 2972 608 3015 magis
630 2972 724 3004 etiam
748 2982 916 3014 rogamus,
943 2972 970 3006 si
993 2973 1025 3005 in
1048 2973 1164 3016 etymis
1186 2972 1419 3017 investigandis
1442 2973 1483 3005 ab
1506 2984 1545 3005 eo
1570 2973 1625 3014 qui
1649 2972 1754 3003 animo
1778 2970 2013 3004 obversabatur
2034 2970 2097 3003 fine
2126 2970 2254 3014 longius
2281 2979 2341 3002 nos

97 3030 210 3064 abesse
232 3030 513 3073 deprehenderint.
560 3032 766 3074 Quamquam
790 3032 873 3064 enim
897 3031 1130 3065 vocabulorum
1152 3033 1309 3076 originem
1332 3031 1564 3076 permultorum
1587 3043 1605 3062 a
1628 3031 1721 3063 nobis
1746 3036 1832 3062 recte
1858 3031 2084 3074 investigatam
2106 3036 2139 3063 et
2161 3030 2340 3072 expositam
