2519 3350
179 122 272 146 XXIII

177 224 328 250 occurrunt
342 222 390 250 sed
402 226 454 251 aut
465 225 612 260 suspectae
626 226 675 251 aut
688 223 823 250 obscurae
839 225 914 256 sunt,
931 222 1047 250 seorsim
1062 222 1091 250 in
1104 222 1269 261 Appendice

177 282 342 301 enumerare
366 273 530 308 maluimus,
559 284 593 301 ne
617 273 742 301 recensio
769 273 921 301 verborum
948 282 1014 300 vere
1035 273 1268 311 Aethiopicorum

178 323 210 352 iis
234 323 493 361 interrimiperetur
516 328 543 353 et
567 324 795 361 perturbaretur.
839 322 949 351 Ibidem
972 323 1172 352 collocavimus
1195 324 1268 352 indi-

177 375 270 403 culum
292 375 437 403 nominum
460 374 657 412 propriorum,
681 374 718 402 ob
741 373 892 402 voluminis
907 373 1056 410 angustias
1071 375 1269 412 compendiose

178 425 327 463 scriptum,
363 436 412 453 nec
445 425 498 453 nisi
530 435 621 462 pauca
648 424 763 452 nomina
791 425 909 461 propria
925 424 961 461 Ι),
993 435 1066 462 quae
1096 425 1269 454 testimoniis

178 476 327 514 probanda
350 476 527 510 viderentur,
556 475 601 503 vel
623 475 693 503 alias
715 474 752 503 ob
775 484 889 510 causas,
916 474 945 503 in
974 475 1064 504 lexico
1093 476 1155 514 ipso
1183 487 1268 514 expo-

178 527 294 555 suimus.
337 528 375 554 At
399 526 512 554 nomina
534 526 683 554 literarum
706 525 851 563 alphabeti
867 526 998 554 Hebraea
1013 529 1043 555 et
1058 527 1172 556 nomina
1191 537 1268 556 men-

178 578 250 606 sium
273 577 390 615 Coptica
417 577 542 614 aliaque,
569 580 603 605 ut
630 586 703 613 quae
730 576 758 604 in
785 577 868 605 libris
894 577 1071 615 Aethiopicis
1098 578 1176 607 haud
1202 588 1269 606 raro

179 632 343 662 occurrant,
366 627 455 656 lexico
478 627 533 665 ipsi
556 627 742 663 inseruimus,
768 628 923 666 eademque
946 628 981 657 de
1004 639 1088 658 causa
1110 629 1196 657 etiam
1219 639 1268 658 vo-

179 689 222 707 ces
245 678 384 716 quasdam
407 679 573 707 Ainharicas
585 678 612 715 2)
635 678 800 716 recepimus.

263 731 290 758 2.
336 729 368 757 Iu
392 729 549 766 digerenda
570 729 651 758 lexiei
674 730 795 758 materia.
818 730 945 759 ordinem
968 730 1095 759 radiciun
1118 731 1206 760 secuti
1222 741 1269 759 su-

179 790 240 808 mus
263 783 291 808 et
315 780 427 817 singula
449 781 587 809 vocabula
611 780 647 809 ad
670 791 718 809 eas
741 791 757 809 a
779 781 884 818 quibus
907 781 1037 810 derivata
1059 785 1126 810 sunt
1148 782 1193 811 vel
1221 782 1269 810 de-

178 831 271 859 rivata
293 831 429 859 videntur
451 832 560 860 radices
582 832 783 861 revocavimus.
829 833 958 870 Excepta
980 836 1048 862 sunt
1075 843 1121 869 ea,
1147 844 1270 870 quorum

178 887 294 918 etymon
316 882 469 910 obscurum
492 887 535 911 est
550 883 588 919 ³),
615 893 665 911 nec
688 893 744 911 non
767 883 882 912 nomina
903 884 1064 921 peregrina,
1088 895 1122 912 ex
1138 884 1200 913 aliis
1215 885 1270 912 lin-

178 933 242 970 guis
264 933 420 971 adoptata;
449 944 481 962 ea
510 934 665 962 secundum
691 934 819 962 ordinem
847 935 998 963 literarum
1025 946 1042 963 a
1071 936 1175 973 quibus
1201 935 1270 964 inci-

178 984 262 1022 piunt
285 984 492 1013 collocavimus.
518 1003 555 1006 —
584 985 717 1023 Singulas
741 985 849 1014 radices
865 996 928 1014 cum
945 986 1082 1015 derivatis
1106 990 1135 1015 et
1157 986 1271 1025 singula

180 1035 293 1064 uomina
315 1035 466 1073 peregrina
489 1036 534 1064 vel
557 1046 677 1073 quorum
700 1036 784 1064 radix
805 1037 905 1074 ignota
921 1041 965 1065 est
978 1037 1060 1065 lineis
1083 1038 1270 1066 crassioribus

178 1086 341 1115 subnotatis
364 1098 380 1115 a
403 1097 431 1115 se
455 1086 572 1114 invicem
594 1087 786 1116 distinximus.
809 1105 849 1109 —
877 1089 957 1117 Inter
984 1089 1124 1117 vocabula
1151 1089 1187 1117 ab
1215 1099 1271 1117 una

179 1137 334 1175 eademque
356 1138 450 1166 radice
473 1137 604 1166 derivata
626 1138 744 1176 stirpem
766 1139 869 1168 radicis
891 1140 1035 1168 verbalem
1051 1140 1206 1178 simplicem
1228 1150 1271 1168 se-

179 1189 302 1217 cundum
325 1199 431 1217 morem
454 1189 483 1216 iu
506 1189 602 1218 lexicis
618 1190 757 1218 Semiticis
777 1190 915 1219 usitatum
931 1191 1023 1228 primo
1039 1192 1099 1220 loco
1115 1191 1271 1229 posuimus,

180 1250 230 1268 nec
253 1240 307 1268 nisi
329 1240 379 1269 ubi
402 1240 490 1277 stirps
513 1241 637 1269 verbalis
659 1241 810 1270 manifesto
837 1242 1021 1270 denominata
1043 1246 1085 1271 est
1098 1242 1138 1277 4),
1166 1252 1183 1270 a
1205 1242 1271 1270 stir-

179 1291 264 1328 pibus
292 1291 482 1319 nominalibus
509 1291 603 1320 exorsi
629 1302 734 1321 sumus.
790 1293 846 1322 Ubi
872 1297 969 1321 autem
994 1293 1098 1321 radicis
1125 1294 1271 1331 cujusdam

181 1342 275 1370 nullae
298 1343 401 1380 stirpes
430 1342 484 1370 nisi
512 1343 668 1371 nominales
693 1343 832 1372 formatae
860 1346 990 1380 exstant,
1005 1344 1124 1373 'radicis
1151 1346 1272 1373 formam

180 1393 323 1422 verbalem
346 1394 441 1421 fictam
464 1393 493 1429 (i.
517 1403 541 1421 c.
563 1394 679 1422 tertiam
701 1395 776 1423 Pers.
799 1395 878 1432 Sing.
900 1396 997 1433 masc.)
1026 1396 1110 1424 modo
1138 1406 1272 1433 expresse

179 1444 358 1472 exhibuimus
369 1444 407 1481 ⁵),
434 1444 518 1472 modo
534 1445 684 1473 brevitatis
703 1456 788 1474 causa
805 1446 951 1474 omisimus
960 1446 994 1485 ⁶).
1026 1447 1145 1476 Radices
1161 1447 1272 1484 plurili-

179 1498 256 1523 teras
278 1495 446 1532 plerumque
469 1505 520 1523 suo
543 1505 686 1533 quamque
708 1496 769 1524 loco
796 1497 950 1525 secundum
971 1497 1121 1526 literarum
1143 1498 1271 1526 ordinem

178 1545 401 1583 alphabeticum,
430 1556 486 1573 non
515 1546 568 1574 sub
594 1547 689 1575 radice
715 1548 863 1585 primitiva
888 1558 996 1586 ponere
1024 1549 1220 1578 consuevimus
1233 1549 1273 1588 7);

179 1606 294 1634 paucas,
319 1607 381 1625 cum
404 1597 482 1625 nulla
505 1597 561 1625 alia
583 1597 665 1625 radix
687 1608 721 1626 ex
744 1598 843 1627 ordine
866 1599 1045 1637 alphabetico
1065 1600 1273 1639 interponenda

181 1651 268 1682 esset,
292 1647 328 1675 ad
351 1658 430 1676 suam
454 1648 627 1685 primitivam
651 1647 772 1677 radicem
793 1650 974 1687 adjunximus
989 1651 1022 1688 ⁸).
1068 1653 1108 1680 At
1130 1662 1163 1680 ea
1186 1653 1274 1680 verba

181 1698 357 1736 plurilitera,
386 1708 458 1735 quac
481 1698 525 1726 vel
548 1699 698 1728 manifesto
721 1700 934 1729 denominativa
957 1705 1023 1730 sunt
1037 1702 1075 1740 ⁹),
1104 1703 1149 1731 vel
1172 1703 1208 1731 ad
1231 1704 1273 1731 in-

182 1748 353 1777 tendendam
376 1749 421 1777 vel
444 1749 661 1779 ‹leminueudam
676 1751 891 1788 significationis
907 1753 963 1781 vim
979 1753 1132 1791 duplicatis
1154 1754 1274 1791 singulis

183 1800 354 1828 radicalibus
377 1810 392 1827 e
415 1800 508 1828 radice
527 1801 653 1830 trilitera
672 1802 796 1830 formata
811 1807 878 1831 sunt
895 1803 945 1839 ¹⁰),
968 1805 1022 1833 sub
1037 1805 1132 1834 radice
1147 1805 1273 1843 simplice

183 1850 370 1879 exhibuimus..
397 1868 431 1872 —-
468 1851 605 1880 Radieum
634 1853 738 1891 stirpes
766 1854 895 1883 verbales
922 1855 1018 1884 varias
1045 1857 1199 1885 secundum
1228 1867 1273 1885 or-

184 1902 278 1930 dinem
301 1902 329 1929 in
352 1912 470 1939 gramm.
494 1902 509 1940 ξ
534 1905 571 1932 75
595 1906 624 1932 et
646 1904 661 1941 ξ
686 1906 724 1933 85
746 1905 925 1943 propositum
946 1906 1126 1944 digessimus,
1151 1919 1201 1937 nec
1216 1908 1273 1936 for-

185 1964 244 1982 mas
267 1957 380 1981 tantum
403 1952 493 1990 ipsas,
516 1963 586 1990 quas
609 1955 738 1993 singulae
760 1957 790 1984 in
811 1956 900 1985 tertia
920 1958 993 1986 Pers.
1016 1958 1092 1996 Sing.
1109 1969 1192 1987 masc.
1209 1970 1273 1997 per-

185 2015 253 2032 sona
276 2004 395 2039 habent,
418 2004 631 2042 exscripsimus,
658 2006 707 2034 sed
729 2007 815 2035 etiam
838 2009 964 2037 numeris
987 2009 1126 2047 appositis
1148 2010 1274 2048 singula-

183 2065 248 2084 rum
271 2055 403 2093 stirpium
425 2055 553 2084 ordinem
576 2056 775 2094 indicavimus3
805 2059 839 2087 de
869 2059 968 2098 stirpis
994 2060 1153 2099 intensivae
1183 2062 1275 2090 forma

185 2106 379 2134 ainharizante
402 2116 487 2143 quam
509 2107 538 2135 in
561 2109 747 2145 grannnatica
769 2120 825 2138 non
845 2111 1064 2139 memoravimus
1081 2111 1121 2149 ¹¹)
1145 2112 1182 2141 ad
1197 2113 1274 2141 Isen-

187 2156 265 2193 bcrgi
290 2157 501 2194 graimnaticam
518 2159 696 2187 Amharicam
712 2161 938 2198 provocavimus.
972 2162 1110 2192 Infinitivi
1126 2164 1180 2192 sub
1195 2165 1275 2193 verbi

187 2207 297 2237 formis,
321 2217 376 2235 1101]
400 2207 474 2236 iuter
497 2209 609 2237 nomina
633 2211 762 2239 collocati
782 2216 857 2241 sunt.
903 2213 1028 2250 Singulis
1051 2214 1190 2252 stirpibus
1212 2226 1275 2244 ver-

188 2259 299 2286 balibus
315 2257 488 2296 simplicibus
505 2260 539 2297 (l,
560 2263 587 2297 1)
607 2261 691 2289 etium
708 2263 826 2291 sormam
842 2264 1021 2301 Subjunctivi
1037 2266 1081 2294 vel
1097 2266 1275 2303 Subjunctivi

262 2394 285 2423 ι)
305 2392 334 2415 ut
354 2382 665 2425 ὼφρεληοφ-Λμ
676 2387 790 2424 “tow
800 2391 901 2430 ,eu-55

258 2444 283 2469 .‚
305 2444 334 2467 ut
353 2434 570 2472 Διττοῦ-ἠε
579 2430 744 2476 nimai}-
755 2450 764 2468 =
785 2445 818 2471 ai

259 2500 284 2530 a)
304 2502 334 2522 ut
353 2493 442 2531 {³¹2²
453 2489 779 2532 λἿΙΙΛῑΠῡΊΊΙΕθ
803 2502 837 2527 al.

259 2557 285 2584 4)
306 2558 334 2578 ut
354 2546 859 2590 flssffl²ss700¹²=d10⁰fl²ssff²
879 2560 912 2585 “l-

261 2612 288 2642 23,
309 2613 339 2634 ut
359 2599 756 2641 ’ἱΙΙίΙῑΡΦδΦω-ᾣώἔ
781 2615 814 2641 al.

261 2666 286 2692 ω
307 2663 336 2687 ut
356 2654 840 2702 *moresca-evome·
866 2667 898 2692 ιιι.

261 2716 285 2746 ἵ)
306 2716 333 2738 ut
354 2711 530 2744 an'ssfflfla
551 2722 603 2739 non
623 2715 672 2741 sub
699 2717 834 2749 0011115,
862 2715 993 2750 ΠΊἺΠὲ
1015 2728 1067 2746 non
1088 2722 1137 2746 sub
1157 2720 1277 2756 ΠἻοὶ,

192 2759 338 2798 ἡἹψωε
359 2772 416 2789 non
435 2764 484 2790 sub
504 2761 614 2796 1113031

262 2821 287 2848 ὅ)
307 2819 336 2841 ut
355 2810 503 2849 ann³
528 2816 562 2842 ad
586 2810 712 2850 Ruunt

263 2869 288 2898 1⁹)
309 2870 337 2891 ut
357 2859 533 2901 ληῶῦῖ*
554 2868 604 2893 ³⁰¹¹
624 2866 740 2903 ὡθῖῐὶ
767 2862 938 2903 λ”Ὶὸζάθ
960 2873 1008 2898 nul,
1028 2873 1151 2907 ffl'DC'

250 2921 289 2948 ιιι,
314 2922 341 2942 ιιι
365 2915 544 2955 munins
568 2919 618 2945 sub
643 2916 759 2952 anm
788 2918 944 2954 “ianm
970 2924 1018 2950 ...b
1042 2923 1195 2958 aumas.
1219 2920 1280 2959 m

195 2962 326 3001 nco&
348 2968 396 2993 *¹²¹³
417 2965 522 3002 ’Ἴὴέῖ

197 3012 1199 3099 ’14111111*ψωπωιψωήἡὼψοηωψιψκηωὼ’
1220 3029 1280 3055 0011.

910 2400 919 2418 =
940 2404 1001 2421 cum
1021 2395 1161 2428 derivatis,
1182 2398 1214 2422 al.

1184 111 1417 152 Prolegomena.

2322 128 2414 153 XXIV

1320 226 1350 251 et
1371 222 1550 260 Imperativi,
1576 223 1732 262 iisdemque
1754 227 1783 254 et
1805 225 1924 254 caeteris
1951 235 2048 254 omnes
2074 227 2181 256 formas
2202 236 2250 255 eas
2272 229 2412 264 quaevvel

1321 283 1355 301 ex
1383 283 1437 302 usu
1463 273 1577 312 linguae
1606 275 1666 304 solo
1701 275 1832 313 cognosci
1865 278 1986 313 possunt
2018 277 2064 305 vel
2091 287 2114 306 a
2134 277 2280 314 ⁴communi
2305 278 2411 307 forma-

1320 324 1405 352 tionis
1432 324 1495 362 lege
1521 325 1630 363 aliquid
1656 326 1742 355 alieni
1774 326 1914 364 praebent
1945 337 2078 365 expresse
2112 328 2324 366 adscripsimus.
2376 329 2410 357 In

1321 374 1505 412 disponendis
1527 379 1623 405 autem
1646 377 1808 406 nominibus
1823 387 1839 405 a
1855 377 2013 416 participiis
2035 378 2132 417 stirpis
2154 380 2182 416 1,
2209 382 2222 408 1
2248 379 2342 408 exorsi
2357 389 2410 417 per

1321 424 1454 462 stirpium
1482 427 1667 456 nominalium
1693 438 1798 466 genera
1824 428 1917 464 varia,

1322 476 1421 504 ordine
1447 478 1710 515 progrediebamur.

1951 428 2090 466 simplicia
2117 432 2147 458 et
2173 430 2343 468 composita,
2376 441 2413 459 ex

1760 479 1898 508 Omnibus
1926 479 2089 508 nominibus
2118 480 2162 510 vel
2194 481 2414 518 pronominibus

1321 537 1369 555 eas
1402 527 1601 557 femininorum
1634 529 1679 557 vel
1711 529 1869 558 Pluralium
1901 530 2007 559 formas
2039 541 2113 568 quae
2146 541 2182 559 ex
2214 541 2268 560 usu
2298 533 2414 561 tantum

1321 578 1453 615 cognosci
1474 582 1596 617 possunt
1619 580 1827 609 annotavimus.
1870 581 1968 609 Etiam
1994 581 2140 610 nominum
2166 581 2414 614 substantivorum
2449 606 2452 607 ν

1320 637 1428 665 genera
1456 630 1573 668 (nempe
1596 641 1664 658 num
1686 631 1842 660 masculina
1864 632 1922 660 sint
1944 642 1982 660 au
2004 632 2169 670 feminina),
2197 632 2263 661 licet
2290 633 2415 671 plurima

1321 679 1456 717 ambigua
1479 680 1550 716 sint,
1572 683 1669 709 tamen
1691 691 1825 719 expresse
1848 686 1986 711 annotare
2008 683 2168 718 maluimus,
2190 687 2220 712 et
2241 684 2335 713 rarius
2349 687 2414 713 tan-

1321 732 1396 766 tuin,
1423 730 1473 758 ubi
1495 731 1623 769 exempla
1646 732 1704 760 fida
1726 733 1857 768 deerant,
1886 733 2039 762 omisimus,
2084 734 2202 762 Praeter
2222 734 2329 763 formas
2349 745 2415 764 ver-

1322 781 1423 809 borum
1445 784 1475 810 et
1497 782 1644 810 nominum
1667 783 1753 811 etiam
1775 783 1951 821 significatus
1974 786 2003 813 et
2025 794 2093 812 usus
2121 785 2281 814 accuratius
2308 785 2414 815 descri-

1322 832 1433 860 bendus
1460 836 1536 869 erat,
1564 843 1655 870 neque
1684 834 1854 871 pronomina
1880 838 1908 863 et
1935 835 2074 864 vocabula
2099 835 2214 872 liuguae
2238 836 2415 872 inflexibilia,

1322 892 1395 920 quae
1418 893 1434 911 a
1456 883 1579 913 Ludolfo
1602 885 1732 922 neglecta
1755 888 1838 921 sunt,
1860 886 2117 923 praetermittenda
2137 889 2228 915 erant.
2249 903 2286 907 -
2311 885 2414 923 Singu-

1322 934 1415 962 lorum
1437 934 1642 963 vocabulorum
1664 935 1886 973 significationes
1908 935 1950 964 ita
1975 936 2130 974 dispositas
2158 946 2232 972 esse,
2261 938 2295 966 ut
2317 946 2334 966 a
2354 935 2414 974 pri·

1322 984 1429 1013 mitivis
1463 985 1500 1013 ad
1533 985 1677 1015 derivatas
1709 996 1881 1024 progressus
1912 986 2012 1023 fieret,
2049 987 2098 1015 vix
2130 997 2202 1026 opus
2236 990 2280 1016 est
2313 987 2416 1020 dicere.

1323 1036 1568 1073 Significationum
1591 1040 1687 1065 autem
1711 1048 1783 1074 quae
1806 1037 1864 1066 sint
1885 1037 2058 1075 principales
2077 1048 2150 1075 quae
2165 1037 2348 1072 secundariae
2369 1037 2415 1066 vel

1324 1086 1499 1115 adventiciae
1522 1090 1554 1115 ut
1577 1087 1688 1116 facilius
1710 1088 1878 1126 conspicuae
1901 1091 2010 1124 essent,
2033 1088 2152 1117 diversis
2167 1091 2302 1128 typorum
2316 1087 2415 1117 formis

1323 1148 1371 1167 eas
1395 1137 1613 1175 distinguendas
1635 1139 1804 1168 curavimus.

1410 1191 1436 1218 3.
1460 1189 1563 1218 Omnes
1591 1200 1662 1227 quas
1684 1189 1713 1218 in
1735 1190 1826 1219 lexico
1851 1190 2044 1219 recensuimus
2070 1201 2152 1220 voces
2174 1194 2203 1220 et
2224 1190 2343 1231 phrases
2365 1198 2416 1219 vo-

1324 1250 1442 1278 cumque
1465 1239 1684 1277 signifieationes
1707 1241 1751 1269 vel
1767 1241 1872 1270 formas
1887 1241 2060 1270 testimoniis
2075 1242 2208 1280 allegatis
2221 1240 2416 1280 probavimus.

1324 1292 1364 1320 Et
1385 1301 1483 1319 earum
1499 1291 1613 1329 quidem
1637 1301 1710 1329 quae
1731 1292 1825 1320 rarius
1847 1292 1893 1321 vel
1914 1292 2058 1321 rarissime
2081 1295 2234 1322 occurrunt
2252 1291 2418 1321 testimonia

1325 1345 1469 1380 quotquot
1490 1342 1665 1370 habebamus
1688 1342 1904 1381 adscripsim1153
1933 1343 2116 1372 usitatiorum
2138 1345 2235 1372 autem
2256 1342 2302 1372 vel
2323 1342 2417 1371 tritis-

1325 1393 1460 1422 simarum
1493 1403 1566 1430 quae
1599 1393 1755 1422 innumeris
1786 1394 1815 1422 in
1847 1394 1916 1422 loeis
1942 1394 2079 1432 leguntur
2108 1395 2277 1423 documenta
2303 1395 2417 1422 tantum

1325 1444 1429 1472 selecta
1452 1443 1641 1472 exhibuimus.
1684 1445 1718 1472 In
1740 1444 1898 1483 deligendis
1924 1448 2021 1474 autem
2044 1445 2221 1474 documentis
2248 1444 2315 1473 libri
2341 1443 2417 1473 anti-

1325 1495 1453 1533 quioreS,
1481 1504 1545 1522 cum
1567 1495 1640 1523 Geez
1662 1495 1776 1533 linguae
1798 1499 1982 1525 monumenta
2008 1496 2066 1525 sint
2091 1496 2210 1534 puriora
2236 1499 2265 1525 et
2291 1493 2418 1534 meliora,

1326 1549 1392 1575 ante
1415 1548 1542 1574 caeteros
1564 1545 1734 1583 respiciendi
1757 1550 1853 1584 erant,
1876 1547 1952 1575 inter
1974 1557 2079 1585 eosque
2094 1547 2201 1585 scripta
2215 1546 2320 1576 biblica
2334 1538 2418 1584 longe

1325 1597 1553 1634 frequentissime
1576 1607 1592 1624 a
1614 1597 1697 1625 nobis
1719 1597 1843 1635 allegata
1865 1608 1925 1626 esse
1949 1608 2030 1626 nemo
2058 1597 2223 1634 mirabitur,
2254 1597 2304 1636 qui
2325 1607 2416 1635 quan-

1325 1651 1387 1676 tmn
1410 1648 1546 1676 momenti
1568 1648 1727 1677 Bibliorum
1749 1648 1841 1677 versio
1864 1649 1901 1677 ad
1929 1649 2098 1678 excolendas
2120 1649 2294 1686 Aethiopum
2319 1647 2419 1676 literas

1326 1699 1460 1728 habuerit
1482 1709 1575 1727 secum
1598 1699 1828 1728 consideraverit.
1873 1700 1991 1728 Accedit
2021 1700 2049 1737 1)
2072 1700 2149 1737 quod
2171 1699 2419 1739 Bibliorumxpars

1327 1750 1382 1778 alia
1404 1750 1482 1788 typis
1506 1750 1584 1778 edita
1606 1750 1636 1778 in
1658 1751 1782 1787 cujusvis
1805 1761 1891 1778 manu
1914 1753 1969 1786 est⁷
1993 1751 2049 1779 alia
2071 1761 2137 1779 mox
2160 1750 2271 1778 edenda
2292 1748 2360 1785 erit,
2381 1748 2420 1777 ad

1326 1804 1454 1830 caeteros
1478 1804 1574 1830 autem
1597 1801 1686 1829 libros
1709 1801 1891 1839 Aethiopicos
1913 1801 2029 1830 lecturis
2052 1801 2149 1830 aditus
2169 1800 2247 1829 haud
2267 1800 2310 1829 ita
2331 1798 2419 1829 facilis

1327 1855 1385 1887 est;
1416 1854 1447 1887 2)
1471 1853 1547 1890 quod
1573 1852 1640 1881 libri
1667 1852 1763 1881 biblici
1790 1852 1944 1881 secundum
1971 1862 2104 1881 numeros
2134 1851 2261 1889 capitum
2289 1853 2319 1879 et
2344 1859 2419 1879 com—

1327 1908 1434 1932 matum
1451 1903 1488 1941 ¹),
1511 1903 1541 1931 in
1564 1914 1636 1941 quae
1659 1914 1674 1932 e
1696 1903 1837 1932 communi
1859 1914 1913 1932 usu
1936 1903 2020 1932 divisi
2042 1905 2122 1938 sunt,
2148 1901 2259 1930 facilius
2283 1904 2312 1930 et
2338 1910 2420 1930 accu-

1328 1955 1418 1983 ratius
1441 1954 1559 1992 allegari
1582 1958 1703 1993 possunt
1725 1965 1810 1992 quam
1832 1954 1936 1984 caeteri
1958 1954 2033 1983 libri.
2082 1954 2127 1982 Ex
2148 1953 2206 1982 illis
2227 1953 2318 1990 igitur
2338 1951 2420 1982 libris

1327 2010 1479 2044 postquam
1503 2005 1667 2034 testimonia
1688 2006 1837 2044 potissima
1859 2009 1888 2034 et
1911 2005 1980 2034 satis
2002 2004 2118 2043 copiosa
2139 2003 2351 2042 exscripsimus,
2377 2002 2419 2031 lo-

1328 2067 1374 2085 cos
1404 2058 1560 2095 probantes
1587 2067 1602 2085 e
1629 2057 1743 2095 seriptis
1771 2057 1913 2086 inferioris
1941 2056 2044 2085 aetatis
2074 2058 2125 2084 aut
2151 2053 2265 2084 omnino
2292 2055 2420 2092 praeter-

1328 2108 1455 2137 misimus
1479 2110 1530 2136 aut
1552 2117 1657 2145 paucos
1680 2109 1807 2143 tantum,
1834 2108 1956 2137 maxime
1984 2117 2033 2136 eos
2061 2107 2108 2145 qui
2135 2105 2230 2135 varias
2256 2104 2292 2134 ob
2320 2113 2420 2134 causas

2207 2157 2248 2186 At
2269 2165 2421 2194 quaecum-

1329 2218 1384 2247 que
1407 2219 1421 2237 e
1443 2209 1524 2238 libris
1546 2209 1756 2247 antiquioribus
1778 2213 1829 2239 aut
1852 2220 1908 2239 non
1929 2210 2000 2239 satis
2022 2211 2073 2238 aut
2095 2207 2210 2237 omnino
2232 2217 2289 2236 11011
2304 2205 2422 2245 probari

1329 2262 1479 2298 poterant,
1513 2271 1611 2289 eorum
1642 2263 1731 2290 testes
1757 2271 1772 2289 e
1799 2259 1879 2288 libris
1904 2259 2047 2288 inferioris
2077 2258 2181 2288 aetatis
2209 2257 2317 2296 prolati
2345 2259 2421 2287 sunt.

1330 2312 1390 2347 Quo
1414 2311 1544 2340 effectum
1567 2314 1626 2347 est,
1649 2314 1682 2341 ut
1704 2311 1825 2340 lectores
1845 2309 1900 2349 ipsi
1916 2310 2071 2347 dijudicare
2087 2309 2212 2349 possint,
2234 2319 2292 2338 non
2306 2309 2421 2337 tantum

1331 2373 1388 2400 qua
1411 2363 1583 2391 auctoritate
1607 2372 1651 2391 res
1675 2372 1691 2390 a
1714 2361 1795 2390 nobis
1818 2361 1982 2400 propositae
2005 2361 2151 2398 nitantur,
2174 2359 2224 2390 sed
2246 2358 2333 2388 etiam
2347 2353 2422 2396 quae

1331 2412 1366 2441 ad
1389 2423 1472 2441 usum
1495 2413 1629 2451 loquendi
1652 2412 1849 2448 recentiorem,
1877 2423 1949 2450 quae
1972 2413 2008 2441 ad
2031 2412 2223 2450 antiquiorem
2249 2409 2422 2448 pertineant,

1331 2474 1403 2501 quae
1432 2464 1572 2492 communi
1600 2475 1653 2493 usu
1683 2466 1810 2502 recepta,
1844 2474 1916 2501 quae
1947 2464 2057 2493 rariora
2083 2463 2150 2493 sint.
2199 2459 2376 2490 Testimonia
2405 2470 2421 2488 a

1331 2515 1453 2544 Ludolfo
1476 2516 1614 2553 allegata,
1643 2517 1786 2553 quotquot
1809 2515 1899 2553 proba
1922 2513 2067 2544 aestimari
2090 2510 2242 2552 poterant,
2269 2510 2299 2540 in
2322 2513 2422 2540 nostro

1329 2159 1537 2196 quodammodo
1560 2158 1756 2187 memorabiles
1779 2158 1962 2195 videbantur,
1989 2157 2159 2187 addidimus.

1332 2577 1418 2604 opere
1442 2567 1607 2605 recepimus.
1653 2565 1752 2594 Varias
1776 2576 1857 2594 voces
1881 2570 1909 2594 et
1933 2565 2154 2604 significationes
2182 2572 2254 2600 (pias
2279 2571 2330 2590 nos
2359 2561 2421 2600 qui-

1332 2617 1394 2645 dem
1423 2627 1564 2655 nusquam
1593 2617 1712 2655 legimus
1741 2617 1881 2646 Ludolfus
1908 2617 1952 2645 vel
1979 2627 1996 2645 a
2022 2614 2160 2653 Gregorio
2192 2623 2244 2642 suo
2275 2614 2422 2650 acceperat

1333 2668 1376 2695 vel
1401 2668 1477 2696 nulla
1501 2667 1615 2696 omnino
1639 2667 1809 2696 auctoritate
1837 2667 1963 2705 allegata
1990 2667 2192 2705 proposuerat:
2220 2674 2268 2692 eas
2295 2665 2422 2701 praeter-

1333 2718 1446 2747 mittere
1469 2718 1624 2754 noluimus,
1648 2719 1697 2747 sed
1719 2722 1858 2748 annotare
1879 2718 1955 2746 uude
1976 2718 2097 2746 haustae
2118 2715 2175 2744 sint
2191 2723 2331 2752 nusquam
2353 2713 2423 2742 omi-

1332 2769 1421 2798 simus
1444 2770 1492 2806 (sc.
1509 2769 1620 2797 addito:
1645 2769 1731 2806 Lud.,
1755 2769 1826 2798 Iud.
1850 2771 1923 2798 auct.
1947 2768 2043 2806 Gr.eg
2067 2767 2140 2796 Lud.
2164 2768 2224 2798 sine
2247 2769 2341 2807 auct.).
2377 2768 2424 2798 lta

1333 2829 1470 2848 summam
1493 2819 1557 2848 libii
1583 2793 1744 2849 Ludolfimii
1767 2820 1796 2848 iu
1818 2822 1946 2848 nostrum
1972 2829 2045 2857 opus
2066 2818 2256 2849 traduximus.

1418 2871 1450 2899 In
1473 2871 1630 2908 allegandis
1653 2875 1749 2900 autem
1772 2869 1941 2900 testimoniis
1964 2869 2048 2898 modo
2069 2870 2144 2899 locos
2165 2870 2303 2913 libimoiuni
2325 2871 2423 2899 seeun-

1408 2999 1430 3030 1)
1452 2997 1481 3023 In
1501 2996 1649 3029 allegandis
1668 2996 1745 3023 libris
1771 2995 1879 3022 biblicis
1903 2995 1934 3020 iis
1959 2994 2004 3028 qui
2029 2993 2149 3022 nondum
2174 2995 2247 3028 typis
2271 2993 2339 3021 editi
2361 2995 2424 3021 sunt

1335 3041 1493 3074 plerumque
1513 3041 1602 3074 capita
1621 3043 1648 3066 et
1667 3042 1800 3066 commata
1821 3039 1847 3065 in
1867 3038 1991 3064 versione
2018 3040 2119 3064 Graeca
2143 3041 2253 3071 recepta
2276 3035 2424 3064 secundum

1307 3100 1309 3104 ι
1335 3083 1482 3109 editionem
1502 3083 1769 3110 'rischendm-fianmn
1789 3081 1876 3109 secuti
1895 3090 1993 3108 sumus.
