2519 3350
87 147 166 174 m

91 247 160 276 dum
182 255 316 275 numeros
336 244 470 274 foliorum
491 245 537 273 vel
559 244 730 282 paginarum
751 243 796 272 vel
818 242 946 281 capitum
965 245 996 271 et
1014 243 1187 270 commatum

92 299 139 328 vel
161 297 333 331 sectionum,
360 295 545 333 stropharum
567 295 604 323 al.
625 294 716 324 citare
741 294 813 323 satis
839 294 1005 330 habuimus,
1031 292 1117 321 modo
1138 290 1189 320 ubi

93 348 131 378 ad
153 347 273 383 formas,
295 346 532 385 significationes,
555 345 675 383 phrases
697 345 861 383 probandas
883 347 912 373 et
934 343 1117 382 exponendas
1139 353 1188 371 ne-

92 399 247 429 cessarium
269 397 436 432 videbatur,
458 397 534 426 locos
557 396 649 434 ipsos,
678 406 851 434 quamquam
874 395 1087 434 compendiose,
1110 394 1190 423 exhi-

94 450 219 486 biamus,
241 459 292 478 nec
314 458 382 477 raro
403 449 532 476 locorum
552 447 744 476 difficiliorum
773 451 804 476 et
829 447 1030 485 ambiguorum
1056 446 1100 474 vel
1127 455 1190 474 ver-

94 499 204 530 sionem
226 503 355 528 nostram
377 499 423 528 vel
445 499 533 527 verba
552 497 663 527 Graeca
684 508 700 527 e
723 498 828 536 quibus
850 498 925 526 versi
947 501 1016 526 sunt
1039 496 1191 535 adscripsi-

94 561 167 581 mus.
210 550 325 580 Pariter
345 550 422 579 locos
443 549 522 588 ipsos
545 548 738 585 exhibuimus,
762 549 812 578 nbi
833 549 868 577 iis
889 559 935 577 res
957 548 1021 577 aliis
1043 548 1078 577 de
1101 547 1192 576 causis

95 602 215 641 cognitu
235 601 340 640 dignae
361 601 547 630 continentur
562 600 596 638 ¹).
639 600 720 629 Alios
740 600 816 629 locos
836 599 978 638 copiosius
993 598 1194 638 excerpsimus,

95 653 165 692 qnia
186 653 231 681 vel
253 652 291 680 ad
313 651 490 681 definiendas
511 661 612 680 vocum
635 651 857 690 significationes
877 652 998 684 multum
1019 650 1147 679 efficiunt
1159 648 1195 692 ²)⁷

97 703 145 734 vel
165 703 251 743 plura
272 703 358 732 simul
379 702 421 732 ibi
443 702 630 732 inveniuntur
651 703 792 732 vocabula
815 703 925 731 rariora
940 702 977 740 ³);
1001 702 1105 740 quibus
1128 701 1195 730 locis

98 755 185 784 semel
212 754 366 792 exscriptis
395 753 518 792 posthac
548 755 603 783 sub
629 754 693 783 aliis
725 754 871 783 vocabulis
898 754 935 783 ad
961 764 1010 782 eos
1041 761 1196 791 provocare

97 806 169 836 satis
190 809 262 835 erat.

168 856 313 895 -nsniqoe
335 855 423 885 etiam
444 855 556 894 glossas
578 865 653 894 quae
673 855 702 885 in
721 857 917 886 vocabulariis
937 857 1012 886 etin
1027 855 1198 884 Abbadiana

99 907 226 937 radicum
249 907 416 937 collectione
445 907 618 936 exhibentur
645 907 767 946 singulis
794 908 940 937 vocabulis
965 906 1118 945 descriptis
1145 906 1198 935 sub

100 958 185 988 finem
217 958 382 996 adjecimus.
435 959 614 996 Quamquam
647 959 723 988 enim
760 959 903 997 plurimae
939 958 976 987 ad
1015 957 1200 997 exponendas

100 1008 324 1048 significationes
352 1019 454 1049 parum
487 1009 575 1038 utiles
607 1013 691 1047 sunt,
723 1012 820 1039 tamen
849 1019 1003 1048 exegeseos
1029 1009 1200 1039 vernaculae

41 1091 44 1094 ,
101 1060 272 1090 documenta
293 1061 430 1091 videntur
451 1060 531 1090 haud
550 1061 667 1090 omnino
693 1060 911 1090 contemnenda.

441 1192 472 1224 5.
525 1189 582 1226 De
606 1190 862 1236 orthographia.

189 1301 342 1339 Reliquum
364 1303 410 1329 est
432 1304 465 1329 ut
488 1301 566 1339 leges
588 1311 661 1340 quas
684 1301 713 1330 in
736 1301 893 1331 scribendis
916 1302 1061 1331 vocabulis
1085 1301 1202 1330 Aethio-

105 1352 176 1393 picis
196 1351 287 1382 secuti
310 1361 409 1381 sumus
431 1352 530 1391 paucis
553 1362 738 1392 exponamus.
788 1352 862 1382 Sunt
883 1353 959 1382 enim
981 1353 1133 1382 literarum
1154 1363 1202 1391 ge·

106 1414 176 1434 nera
206 1405 351 1442 quatuor,
388 1413 426 1432 sc.
455 1401 575 1438 υώἦ,
602 1399 709 1439 ινήῦ,
736 1405 806 1439 80,
835 1400 914 1439 λθ,
948 1415 1021 1442 quas
1048 1404 1204 1443 Aethiopes

106 1454 317 1485 mlurizantes
350 1454 478 1493 singulas
513 1464 531 1484 a
565 1455 665 1484 vicinis
696 1456 912 1494 pronunciando
943 1455 1122 1493 distinguere
1155 1455 1204 1484 de-

107 1506 220 1553 sierunt
255 1509 286 1535 et
329 1506 479 1535 scribendo
511 1506 672 1545 promiscue
708 1506 844 1536 adhihere
885 1510 1097 1536 consueverunt
1133 1506 1206 1542 (vid.

107 1567 228 1597 gramm.
256 1557 273 1596 ξ
302 1559 350 1586 24.
378 1558 443 1592 31).
493 1558 573 1594 Quae
607 1557 853 1596 pronunciationis
879 1562 910 1587 et
935 1558 1100 1596 scriptionis
1127 1558 1206 1586 labes

103 1611 166 1648 Jam
194 1607 309 1638 Lndolfi
341 1611 438 1637 aetate
465 1608 692 1645 inveteraverat,
727 1619 812 1647 quam
844 1610 881 1637 ob
908 1619 967 1637 rem
997 1609 1022 1637 ei
1050 1609 1086 1638 de
1117 1619 1206 1637 reme-

79 1648 96 1662 ’
110 1659 166 1689 diis
187 1659 358 1689 adhibendis
380 1659 564 1696 cogitandum
587 1670 649 1689 esse
671 1659 832 1690 videbatur.
878 1660 972 1689 Erant
993 1659 1109 1698 quidem
1132 1660 1207 1698 prio-

109 1710 191 1741 ribus
214 1710 334 1739 saeculis
358 1711 509 1747 vocabula,
530 1711 567 1740 ad
590 1721 665 1749 quae
687 1711 816 1740 nondum
837 1711 1047 1750 penetravisset
1066 1712 1209 1749 (exempla

111 1762 199 1791 habes
214 1761 242 1790 in
259 1772 379 1800 gramm.
394 1761 412 1791 l.
427 1765 474 1797 c.),
497 1761 547 1790 sed
569 1761 614 1791 his
633 1761 796 1791 novissimis
810 1762 931 1791 saeculis
947 1767 1006 1791 tam
1022 1762 1080 1791 late
1095 1762 1209 1800 serpsit,

76 1817 78 1819 ’
112 1815 146 1843 ut
167 1813 198 1842 in
220 1812 301 1842 libris
323 1823 421 1842 recens
444 1812 560 1852 scriptis
583 1822 618 1843 ne
641 1823 729 1842 unum
752 1812 868 1852 quidem
883 1813 1054 1842 vocabulum
1069 1813 1209 1842 intactum

112 1863 323 1902 relinqueretur
355 1865 415 1899 (ex.
442 1875 486 1901 gr.
509 1874 668 1903 pronomen
695 1865 758 1894 suff.
787 1867 845 1897 ⁰·-
873 1864 960 1893 etiam
989 1863 1052 1899 ἧι·
1080 1867 1110 1894 ct
1137 1867 1209 1899 ‘ha

112 1914 266 1952 nei-ibitur)
288 1918 319 1943 et
340 1925 375 1943 ne
398 1915 484 1944 unius
506 1915 622 1954 quidem
643 1925 713 1945 vera
734 1915 937 1955 pronunciatio
959 1920 989 1945 et
1011 1916 1129 1955 scriptio
1146 1916 1210 1945 inde

111 1965 245 2005 cognosci
268 1969 373 2004 posset.
416 1966 474 1996 Sed
501 1966 590 1997 etiam
619 1966 730 1996 codices
757 1967 935 2005 antiquiores
964 1972 994 1997 ct
1020 1967 1210 2006 antiquissimi

112 2027 185 2057 qnos
206 2017 344 2046 habemus
366 2019 447 2055 (sunt
469 2017 544 2047 enim
567 2018 614 2047 vix
636 2022 764 2056 quatuor
790 2018 836 2047 vel
862 2018 990 2057 quinque
1016 2019 1135 2048 saeculis
1162 2029 1211 2047 nn-

113 2067 270 2107 tiquiores)
302 2067 403 2098 cadem
436 2069 633 2107 con-uptiom,
667 2079 842 2108 quamquam
872 2070 979 2104 minus,
1014 2070 1108 2099 infecti
1136 2073 1212 2099 sinit.

114 2119 239 2159 Magnae
262 2119 328 2148 inde
349 2123 379 2149 et
401 2120 511 2149 lexicon
533 2121 733 2160 conscripturo
756 2125 786 2149 ct
808 2124 904 2158 etyma
931 2121 1118 2159 exploratum
1146 2131 1212 2150 exo-

115 2170 232 2200 riantur
253 2170 448 2200 difficultates.
493 2171 629 2201 Remedia
650 2175 747 2201 autem
767 2171 1004 2210 circumspicienti
1028 2172 1097 2201 nihil
1121 2183 1150 2201 sc
1173 2173 1212 2200 os-

116 2222 174 2252 sert
195 2221 251 2251 nini
274 2221 437 2260 linguarum
459 2222 657 2252 Semiticarum
673 2223 808 2259 aliarum,
831 2223 953 2252 maxime
970 2224 1117 2258 Arabicae,
1139 2234 1214 2252 com-

116 2272 239 2312 paratio.
284 2273 329 2302 Ex
357 2283 392 2302 ea
418 2284 532 2303 nonnas
560 2274 784 2313 orthographiae
813 2274 952 2312 petendas
980 2286 1042 2303 csse
1066 2276 1127 2311 jam
1158 2274 1214 2303 Lu-

116 2323 212 2354 dolfus
239 2323 321 2353 vidit.
370 2324 442 2354 Nam
470 2335 534 2354 cum
560 2326 653 2354 multa
679 2325 768 2355 verba
794 2325 980 2364 Aethiopicae
1008 2326 1123 2362 linguae
1152 2336 1214 2354 cum

115 2374 236 2404 caeteris
259 2374 419 2404 eommunia
440 2375 514 2413 sint,
545 2377 755 2416 orthographia
777 2380 873 2406 autem
901 2377 929 2405 in
958 2377 1013 2406 illis
1041 2376 1111 2405 satis
1139 2381 1216 2405 certa

117 2429 148 2455 et
173 2430 310 2455 constans
337 2425 387 2461 sit,
421 2426 502 2456 facile
529 2427 595 2456 inde
621 2428 775 2467 disceptari
803 2438 887 2466 posse
916 2428 1043 2464 vidi-tur,
1076 2439 1150 2466 quae
1178 2428 1216 2456 sit

119 2477 272 2506 verborum
290 2476 524 2516 Acthiopicorum
542 2478 662 2518 scriptio
683 2490 758 2508 vcra.
798 2480 877 2509 llanc
892 2479 1070 2519 disceptandi
1087 2490 1215 2508 normam

195 2636 218 2669 1)
237 2637 269 2662 nt
287 2635 337 2662 sub
356 2627 641 2667 k'hst'hu¹

192 2688 219 2721 ²)
238 2690 269 2714 ut
287 2687 338 2713 wb
356 2683 458 2721 2220,
486 2682 614 2719 *ἐϋ
626 2690 637 2710 ·

193 2740 219 2772 a)
239 2741 270 2765 ιιι
287 2738 336 2765 nub
355 2730 1012 2775 rme-mvsstumaffimsunyc·

1095 126 1330 167 Prolegomena.

2246 129 2340 155 xxvl

1239 239 1346 267 bonam
1368 247 1431 266 esse
1452 245 1486 266 eo
1508 244 1624 274 quoque
1650 233 1804 273 probatur,
1832 231 1910 271 quod
1937 230 2107 270 scriptiones
2129 230 2166 259 ad
2188 240 2248 259 eam
2272 240 2338 259 con-

1240 290 1361 319 stitutae
1383 298 1446 318 cum
1469 286 1611 317 scribendi
1632 285 1745 324 legibus
1763 285 1793 314 in
1808 283 1976 313 melioribus
1998 282 2141 311 codicibus
2163 281 2340 320 Aethiopicis

1241 340 1403 370 observatis
1430 338 1602 368 concordare
1631 337 1732 366 solent.
1781 335 1838 365 Sed
1865 334 1959 364 omnia
1986 343 2021 362 ex
2049 343 2083 362 ea
2109 333 2264 372 disceptari
2292 343 2340 362 ne-

1242 395 1360 430 queunt.
1408 391 1483 419 Nam
1509 389 1654 428 permulta
1679 391 1747 417 sunt
1780 386 1934 421 vocabula,
1967 384 2073 423 quibus
2107 394 2181 422 quae
2215 384 2244 412 in
2277 383 2342 412 aliis

1242 442 1349 481 linguis
1370 441 1566 480 respondeant
1591 440 1710 469 dubium
1737 441 1796 474 est,
1822 446 1912 475 eoque
1939 435 2030 473 magis
2056 434 2189 471 dubium,
2218 444 2276 473 quo
2299 434 2343 464 in-

1244 493 1350 523 certior
1375 491 1545 530 Aethiopica
1571 501 1671 520 eorum
1698 489 1914 519 scribendorum
1941 487 2016 517 ratio
2043 490 2096 516 est.
2152 487 2211 516 Nec
2237 486 2343 516 desunt

1245 545 1317 580 alia,
1339 553 1414 583 quae
1436 543 1535 572 eadem
1557 541 1671 571 nonnisi
1694 541 1723 570 in
1744 540 1844 578 lingua
1866 539 1999 568 Hebraea
2020 538 2066 567 vel
2092 537 2208 575 Syriaca
2236 546 2288 566 nec
2314 537 2343 565 in

1246 595 1370 624 Arabica
1384 598 1552 624 conservata
1568 596 1636 622 sunt
1651 593 1697 629 (ut
1712 586 1866 626 enxhu,
1881 591 1894 620 1
1910 585 2039 625 λ-ηῂε,
2059 585 2187 624 ωὸλι,
2202 580 2344 626 θῆκε).

1247 648 1287 676 At
1309 646 1366 675 illis
1389 646 1493 684 linguis
1515 655 1578 674 cum
1601 643 1749 672 distinctio
1771 652 1905 671 sonorum
1928 643 1956 676 a
1978 645 2007 670 et
2030 643 2072 676 a,
2098 639 2129 675 ’ἱ
2151 645 2181 670 et
2204 641 2243 675 th
2266 639 2346 669 nulla

1248 698 1300 735 sit,
1322 697 1357 726 iis
1380 697 1448 726 solis
1471 707 1528 725 non
1551 696 1595 725 vel
1611 705 1678 723 raro
1694 698 1807 724 tantum
1823 693 1847 731 ¹)
1870 692 1987 731 probari
2002 696 2115 730 potest,
2138 696 2236 721 utrum
2258 693 2286 726 a
2307 700 2346 720 an

1249 737 1290 783 ΒΑ,
1311 749 1350 783 Α,
1377 759 1414 777 an
1441 746 1472 782 ’ἱ
1501 746 1683 776 scribendum
1711 745 1757 774 sit.
1807 744 1936 782 Denique
1968 747 2037 772 sunt
2069 753 2142 780 quae
2171 743 2200 771 in
2226 742 2347 772 cacteris

1249 799 1356 838 linguis
1389 799 1480 828 vicina
1507 808 1559 827 sua
1585 797 1701 836 quidem
1729 796 1776 825 vel
1802 795 1912 825 radices
1937 804 2005 823 suas
2036 794 2175 829 habeant,
2209 793 2258 822 sed
2289 803 2347 822 non

1250 851 1336 889 plane
1358 853 1515 879 consonent
1544 851 1589 888 (ut
1612 846 1720 883 ’ἱῇζε
1744 855 1810 886 *xp
1836 846 1934 900 ΓΔΕ,
1960 840 2087 880 ψῆῖλθ
2114 853 2186 886 mr,
2214 842 2347 879 ῬΚΊ),

1251 911 1317 932 rr:
1341 901 1428 938 w:);
1450 901 1528 939 quod
1551 901 1574 929 si
1598 901 1639 929 ita
1661 910 1691 928 se
1712 899 1817 935 habet,
1838 897 1958 936 scriptio
1979 897 2149 936 plerumque
2172 895 2281 924 incerta
2304 905 2348 924 re-

1251 952 1406 990 linquitur,
1439 962 1614 990 quamqnam
1642 951 1703 980 fieri
1730 953 1846 989 potest,
1879 952 1914 978 ut
1939 957 2056 977 normae
2084 946 2121 975 ad
2146 956 2220 985 quas
2248 946 2349 975 literne

1252 1003 1360 1032 vicinae
1384 1002 1541 1041 permutari
1565 1002 1673 1038 solent,
1695 1001 1810 1030 aliunde
1832 1002 1931 1036 notae,
1954 997 2126 1028 subveniant
2141 997 2178 1035 2).
2222 997 2350 1035 Denique

1253 1054 1352 1093 negari
1376 1064 1433 1082 non
1455 1056 1565 1092 potest,
1586 1052 1832 1092 pronunciationis
1853 1050 2039 1089 Aethiopicae
2057 1051 2119 1087 jam
2138 1048 2351 1087 antiquioribus

1253 1105 1432 1144 temporibus
1455 1104 1675 1143 discrepantiam
1701 1103 1845 1142 quandam
1872 1102 1960 1131 fuisse
1990 1102 2027 1130 ab
2049 1100 2185 1129 Arabica:
2214 1099 2351 1137 exemplis

1254 1157 1312 1186 sint
1339 1154 1442 1191 ἿΡΛε
1471 1159 1501 1184 et
1530 1155 1658 1192 υΛωε,
1681 1165 1802 1194 quorum
1825 1164 1913 1183 sonus
1941 1152 2060 1182 initialis
2089 1151 2160 1180 satis
2186 1153 2353 1180 constanter

1255 1206 1286 1242 ’ἱ
1313 1212 1344 1237 et
1370 1208 1397 1240 υ
1427 1207 1551 1245 scriptus
1578 1209 1655 1243 erat,
1682 1215 1854 1244 quamquam
1882 1203 2004 1234 Arabice
2031 1194 2108 1248 cir-s
2138 1206 2167 1231 et
2198 1196 2280 1240 du>
2308 1211 2353 1230 re·

1255 1260 1406 1298 spondent.
1451 1258 1534 1288 Unde
1557 1258 1636 1286 illam
1657 1267 1772 1295 quoque
1793 1265 1923 1286 normam
1942 1264 2029 1294 quam
2045 1253 2185 1284 Ludolfus
2201 1252 2353 1292 proposuit

1255 1311 1292 1341 ad
1315 1310 1409 1340 omnia
1431 1308 1618 1348 disceptanda
1640 1319 1697 1337 non
1719 1308 1849 1337 sufficere
1873 1308 2004 1346 apparet.

1341 1362 1420 1398 Quae
1442 1371 1505 1389 cum
1528 1360 1569 1388 ita
1592 1359 1663 1395 sint,
1691 1359 1774 1388 nobis
1796 1358 1911 1397 quidem
1938 1356 2102 1387 observatio
2130 1354 2355 1394 orthographiae

1258 1413 1286 1442 in
1309 1411 1522 1450 antiquioribus
1545 1415 1575 1440 et
1596 1410 1762 1440 melioribus
1784 1410 1866 1439 libris
1893 1409 2019 1439 usitatae
2040 1418 2098 1437 non
2120 1407 2291 1446 negligenda
2313 1406 2356 1435 vi-

1257 1464 1389 1493 debatur.
1433 1462 1568 1499 Quamvis
1591 1461 1666 1491 enim
1689 1472 1724 1490 ne
1746 1461 1776 1490 in
1798 1460 1856 1490 illis
1877 1459 1994 1499 quidem
2016 1460 2168 1489 verborum
2192 1457 2355 1488 scribendo-

1259 1525 1322 1544 rum
1345 1514 1420 1543 ratio
1442 1514 1513 1542 satis
1535 1518 1670 1542 constans
1692 1512 1743 1547 sit,
1765 1516 1862 1541 tamen
1884 1511 2063 1541 constantior
2085 1514 2129 1539 est
2151 1520 2237 1548 (luam
2260 1509 2288 1538 in
2312 1519 2357 1538 re·

1258 1565 1452 1600 centioribus,
1485 1566 1605 1602 ejusque
1633 1563 1834 1592 observatione
1860 1562 1969 1602 aliquid
1997 1565 2075 1591 certe
2103 1561 2139 1590 ad
2168 1560 2357 1589 definiendam

1260 1628 1356 1646 veram
1380 1615 1645 1655 pronunciationem
1667 1618 1697 1643 et
1719 1614 1905 1653 scription-
1926 1613 2000 1643 effici
2022 1623 2107 1652 posse
2129 1611 2252 1641 videtur.
2279 1611 2359 1640 Hanc

1261 1668 1350 1707 igitur
1373 1671 1520 1705 tamquam
1544 1667 1664 1695 alterum
1687 1655 1823 1695 normam²
1839 1665 1868 1694 in
1891 1665 2054 1695 definienda
2081 1661 2288 1701 orthographia
2315 1671 2358 1690 se-

1261 1719 1318 1749 cuti
1341 1729 1449 1748 sumus.
1493 1719 1714 1755 Nonnumquam
1736 1717 1762 1746 ei
1783 1717 1934 1752 cessimus,
1956 1715 2086 1754 quamvis
2107 1715 2152 1743 vel
2174 1718 2291 1751 etymon
2314 1713 2358 1741 vel

1262 1771 1438 1809 reliquarum
1461 1770 1623 1807 linguarum
1646 1768 1824 1807 comparatio
1846 1768 1931 1797 aliam
1955 1767 2139 1806 scriptionem
2156 1764 2311 1794 suaderent
2326 1763 2360 1800 ⁸).

1263 1822 1318 1852 Ubi
1342 1826 1437 1850 autem
1460 1825 1564 1849 neutra
1586 1830 1687 1848 norma
1708 1819 1840 1849 adhibita
1861 1819 1931 1848 certi
1954 1818 2062 1856 aliquid
2085 1827 2185 1846 eruere
2213 1815 2361 1855 potuimus

1262 1877 1292 1902 ct
1318 1873 1372 1911 ipsi
1398 1872 1478 1900 dubii
1508 1871 1726 1907 haesitavimus,
1758 1871 1946 1900 annotatione
1973 1869 2073 1899 addita
2090 1868 2117 1906 ¹⁸)
2151 1867 2359 1897 dubitationem

1264 1928 1391 1953 nostram
1416 1923 1612 1952 indicavimus.

1350 1977 1427 2011 Quas
1449 1975 1486 2003 ad
1508 1975 1622 2011 regulas
1645 1973 1829 2012 scriptionem
1857 1982 1920 2002 cnm
1946 1972 2205 2006 conformas-emus,
2231 1968 2362 2007 contigit,

1265 2030 1299 2056 ut
1328 2030 1427 2055 nostra
1455 2025 1665 2063 orthographia
1695 2034 1759 2053 cum
1787 2023 1957 2054 Ludolfiana
1989 2023 2158 2061 plerumque
2189 2020 2362 2050 convenimt.

1266 2078 1325 2107 Nec
1346 2077 1399 2106 nisi
1423 2077 1451 2105 in
1475 2076 1644 2105 adhibendis
1666 2075 1757 2105 literis
1780 2071 1806 2111 ἡ
1833 2078 1863 2104 et
1891 2081 1944 2110 w,
1970 2084 2090 2112 quarum
2114 2075 2288 2112 potestatem
2305 2071 2362 2100 Lu-

1266 2129 1360 2157 dolfus
1389 2128 1480 2157 minus
1508 2131 1584 2157 recte
1612 2127 1794 2156 intellexerat
1821 2126 1891 2165 (vid.
1913 2135 2033 2164 gramm.
2056 2125 2072 2160 ξ
2096 2125 2165 2162 30),
2191 2122 2319 2152 crebrius
2346 2133 2362 2150 a

1268 2179 1380 2208 liudolfi
1405 2179 1450 2207 via
1473 2179 1661 2208 recedendum
1677 2181 1749 2207 erat.

1342 2321 1364 2352 1)
1383 2328 1425 2345 cx.
1445 2328 1485 2351 πτ.
1505 2312 1635 2352 ωρῂε,
1655 2326 1708 2344 non
1728 2310 1857 2350 mss'h’
1877 2314 2052 2342 scribendum
2076 2314 2197 2345 videtur,
2222 2315 2285 2348 quia
2304 2322 2363 2345 xx·

1269 2380 1379 2415 Syriaco
1397 2371 1450 2406 μή
1476 2379 1564 2403 fluunt·

1339 2434 1365 2465 ¹2)
1385 2440 1426 2457 cx.
1446 2439 1485 2462 gr.
1505 2438 1566 2454 cum
1586 2437 1604 2467 p
1630 2430 1725 2456 lin-rae
1747 2425 1778 2463 ἦ
1803 2429 1888 2462 magis
1907 2436 1989 2462 quain
2009 2425 2048 2460 ὠ
2067 2427 2156 2454 vicina
2175 2427 2223 2460 sit,
2242 2427 2366 2461 sequitur

1270 2481 1357 2517 ἧκέ
1368 2489 1391 2515 1,
1411 2492 1465 2509 non
1486 2479 1601 2516 Aufidi
1622 2481 1797 2508 scribendum
1819 2490 1886 2507 cuc.

1340 2540 1365 2569 ²⁵)
1386 2536 1439 2561 vid.
1459 2535 1509 2559 =u1=
1529 2524 2292 2567 wstmnwoflnfwoeuwdfnmflduh'm
2305 2535 2316 2555 ι
2331 2529 2366 2563 ι,

1270 2588 1378 2621 afim
1408 2596 1569 2621 quamquam
1593 2587 1674 2612 ctiam
1700 2586 1758 2611 vice
1784 2593 1875 2616 verta,
1902 2585 1995 2618 etymo
2018 2582 2158 2615 cedentes,
2187 2591 2229 2609 cx.
2248 2591 2289 2617 gr.
2309 2579 2366 2616 m

1270 2635 1323 2672 nea
1340 2645 1350 2663 ι
1367 2635 1603 2671 aneu-har·
1631 2646 1681 2672 vm
1704 2637 1846 2663 ammon
1879 2629 2154 2669 asna-ame·
2173 2630 2276 2668 aar·
2301 2633 2366 2661 -οή-

1270 2688 1379 2722 pannus.

1342 2738 1367 2767 ⁴)
1388 2739 1429 2760 ut:
1452 2731 1566 2766 ,ωιτν
1586 2733 1626 2759 ve!
1646 2730 1771 2766 diurn
1797 2731 1908 2765 στιν·
1928 2735 2012 2758 eum
2031 2723 2130 2762 mn·
