2519 3350
149 125 188 149 xl
1149 111 1384 152 Prolegomena.
2333 126 2389 150 ΧΠ

149 224 277 262 poeticae
299 223 414 252 additae
437 227 517 258 sunt,
543 232 618 261 quae
641 233 698 251 nou
721 232 818 251 omnes
840 222 890 251 sed
916 221 1056 260 plurimae
1084 232 1148 251 cum
1169 225 1242 251 stro-

149 275 213 313 phis
240 275 317 304 illius
343 274 445 309 libelli,
471 284 556 311 quem
579 274 717 303 Ludolfus
740 274 913 302 Encomium
944 273 1107 302 coelestium
1133 275 1160 302 et
1186 275 1242 302 ter-

151 327 285 356 restrium
310 325 469 354 nominavit
497 326 584 362 (nunc
606 329 771 353 asservatur
794 324 822 351 in
845 323 917 367 Bibl.
939 322 1035 359 Bod1.‚
1069 323 1125 352 vid.
1151 323 1242 353 Catal.

149 387 176 415 p.
201 378 253 413 36)
275 380 305 405 et
326 376 355 404 in
379 376 466 405 lexico
487 376 586 404 crebro
602 374 749 411 allegavit,
772 373 954 402 consentiunt
970 373 1020 402 sed
1037 374 1143 402 multas
1160 383 1242 412 prae-

616 424 796 462 Exemplaris
825 423 1016 462 Tubingensis
1046 427 1145 462 partes
1171 424 1243 453 aliae

150 478 329 516 diligentius,
353 478 424 506 aliae
447 476 639 514 negligentius
661 478 795 503 exaratae
817 478 893 503 sunt.
915 491 958 496 —-
984 475 1008 503 E
1028 485 1132 512 magno
1154 475 1243 504 libro-

151 429 219 456 bent
246 427 381 456 lectiones
407 427 559 455 variantes.

150 539 213 557 runi
242 529 290 567 qui
319 529 415 557 (r'mlc'l
441 531 581 555 vocantur
607 536 725 555 numero
752 526 836 564 pauci
864 528 979 554 tantum
1012 525 1094 554 nobis
1127 528 1242 563 praesto

149 584 242 608 erant:
272 579 379 608 Gadela
402 578 494 606 Adam
516 578 545 606 in
568 577 636 606 Cod.
660 576 835 614 Tubingensi
869 576 916 614 (de
943 587 1000 614 quo
1028 576 1084 605 vid.
1113 579 1243 604 nostram

150 630 307 659 versionem
329 634 358 658 et
381 629 646 657 commentationem
669 628 698 656 in
719 628 754 656 H.
770 627 870 656 Ewald
885 628 1025 665 Subrbixd)
1042 630 1088 658 bet
1102 627 1242 667 bifflifdpen

151 681 333 718 QBiffenl'dpuft
358 680 388 707 V.
416 681 495 709 1853
518 689 546 717 p.
574 681 730 715 1—144)‚
760 682 789 707 et
812 678 844 707 G.
868 679 950 706 Abba
973 678 1107 706 Karazun
1129 678 1159 706 in
1175 678 1242 706 Cod.

151 731 318 760 Abbadiano
342 730 496 766 CLXXIV,
519 730 621 758 deinde
643 733 743 758 nostra
766 732 901 767 excerpta
924 739 938 756 e
961 728 1047 757 Codd.
1071 729 1146 758 Mus.
1169 728 1241 757 Brit.

151 782 229 813 XLV
239 799 274 803 —
284 782 418 818 XLVIII,
441 791 477 810 sc.
500 791 515 809 e
535 782 567 810 G.
584 781 669 809 Tacla
683 780 837 809 Haimanot
852 783 882 809 et
896 780 928 808 G.
945 780 1031 808 'l‘acla
1045 779 1115 808 Zion
1129 779 1242 817 (XLV)⁷

149 833 182 862 G.
205 833 243 862 Za
265 832 388 861 Michael
411 832 543 870 Arngawi
560 832 691 868 (XLVI),
720 832 752 860 G.
775 831 857 859 Abba
879 830 1004 860 Johanni
1026 830 1182 867 (XLVII),
1209 830 1241 858 G.

150 884 244 913 Gabra
267 883 378 912 Manias
402 882 496 918 Qedus
519 882 678 920 (XLVIII),
701 882 823 919 denique
845 884 982 919 excerpta
997 892 1011 910 e
1027 881 1120 910 codice
1136 881 1243 910 Gadela

151 934 278 964 Lalibela
301 934 351 971 qui
373 934 517 971 quondam
539 934 569 961 in
591 933 663 961 Bibl.
687 933 787 962 Societ.
810 932 870 961 Iud.
894 932 1002 961 Orient.
1025 932 1242 961 asservabatur:

150 996 185 1014 ex
218 986 270 1013 hoc
305 985 385 1013 varia
422 984 560 1013 vocabula
598 983 817 1013 architectonica
850 983 1004 1012 hausimus.
1033 999 1070 1005 —-
1106 982 1242 1019 Ejusdem

152 1036 260 1065 farinae
282 1039 326 1064 est
348 1035 420 1064 liber
443 1036 690 1065 Maccahaeorum
717 1035 759 1072 (in
781 1034 879 1072 plures
905 1034 1043 1062 sectiones
1066 1033 1188 1070 divisus)
1210 1033 1242 1061 fi-

152 1087 265 1122 cticius,
289 1096 372 1124 quem
395 1087 456 1115 loco
479 1085 667 1123 genuinorum
688 1085 828 1114 librorum
847 1085 1080 1113 Maccahaeorum
1100 1084 1243 1113 codicibus

152 1138 310 1166 Bibliorum
332 1138 489 1176 appingere
515 1137 616 1165 solent.
660 1137 692 1164 In
719 1146 751 1164 eo
779 1136 933 1174 exponitur
958 1135 1129 1172 martyrium
1155 1135 1243 1164 trium

151 1189 326 1218 Judaeorum
349 1188 398 1226 qui
425 1188 480 1216 snb
509 1197 575 1225 rege
597 1187 721 1225 quodam
750 1185 966 1224 κᾹ-ζβῆᾝ
995 1186 1031 1225 (i.
1058 1196 1081 1214 e.
1110 1186 1186 1223 Tyro
1213 1190 1243 1214 et

152 1240 268 1276 Sidone)
291 1239 367 1277 passi
390 1238 592 1276 perhibentur:
614 1238 709 1267 variae
731 1238 771 1266 ibi
793 1238 828 1266 de
851 1237 1067 1266 immortalitate
1089 1237 1199 1265 animae
1214 1240 1244 1265 et

154 1290 360 1319 resurrectione
383 1293 560 1318 mortuorum
582 1299 633 1318 nec
654 1299 712 1317 non
733 1288 768 1317 de
790 1288 910 1318 historia
930 1288 1125 1316 Israelitarum
1140 1287 1244 1317 biblica

152 1341 343 1380 expositiones
376 1346 405 1369 et
438 1350 606 1379 paraeneses
639 1339 830 1368 continentur.
889 1340 980 1368 Verae
1010 1339 1244 1367 Maccahaeorum

153 1392 288 1421 historiae
311 1402 345 1420 ne
368 1391 490 1429 vestigia
513 1390 627 1428 quidem
649 1390 679 1418 in
705 1400 738 1418 eo
764 1390 956 1428 reperiuntur.
1007 1389 1141 1427 Legimus
1168 1389 1244 1418 codi-

153 1454 211 1473 cem
234 1442 432 1472 Abbadianum
457 1442 514 1470 LV.

237 1495 277 1531 m)
299 1494 378 1522 Inter
400 1501 487 1528 opera
509 1493 625 1528 poetica
653 1492 778 1520 eminent
804 1491 900 1527 hymni
928 1490 1111 1520 ecclesiastici
1137 1490 1188 1528 qm·
1214 1490 1244 1518 in

155 1545 236 1574 libris
258 1544 399 1574 Mavius‘et
421 1546 450 1572 et
465 1543 565 1581 Degua
587 1542 670 1571 dictis
693 1542 876 1571 continentur
897 1545 927 1571 et
949 1545 1009 1570 tam
1031 1541 1245 1580 antiquioribus

154 1606 239 1634 quam
261 1595 426 1624 melioribus
449 1594 563 1632 scriptis
587 1593 791 1622 annumerandi
814 1596 896 1621 sunt:
925 1593 961 1621 de
989 1592 1024 1622 iis
1051 1593 1108 1622 vid.
1131 1592 1244 1622 Catalo—

155 1657 222 1684 gum
250 1646 317 1675 Cod.
345 1646 428 1675 Aeth.
457 1645 530 1674 Mus.
559 1644 630 1672 Brit.
659 1654 685 1682 p.
711 1645 852 1673 32-38.
902 1644 1146 1682 Antiphonarium
1167 1644 1245 1682 quod

156 1698 302 1728 Mavds’et
324 1696 428 1725 dicitur
450 1699 542 1724 totum
564 1695 736 1733 perlegimus
758 1694 788 1723 in
810 1695 878 1724 Cod.
901 1695 1089 1732 Tubingensi;
1116 1695 1245 1724 thesauri

158 1749 261 1784 Doque
283 1747 350 1776 dicti
373 1746 516 1784 exemplar
538 1746 620 1775 nobis
642 1746 754 1782 deerat,
783 1746 832 1775 sed
854 1749 988 1784 excerpta
1010 1749 1039 1775 et
1067 1746 1245 1784 singularum

157 1799 282 1836 partium
311 1798 476 1836 apographa
503 1798 640 1826 habemus
669 1807 684 1825 e
713 1797 960 1835 praestantissimo
992 1797 1100 1833 codice,
1133 1797 1183 1835 qui
1216 1797 1245 1825 in

158 1849 328 1877 bibliotheca
350 1848 500 1878 societatis
522 1849 593 1877 Brit.
616 1848 652 1876 ad
674 1848 767 1876 Biblia
789 1848 951 1886 evulganda
976 1848 1127 1877 institutae
1154 1858 1244 1877 asser-

158 1904 256 1928 vatur:
279 1909 314 1928 ex
336 1899 370 1928 iis
392 1899 530 1937 quidquid
552 1899 581 1927 in
605 1899 693 1927 lexico
716 1900 872 1936 allegatum
894 1902 938 1927 est
958 1899 1112 1928 hausimus.
1137 1917 1174 1920 —
1202 1900 1245 1928 De

160 1951 284 1989 strophis
306 1950 528 1987 Synaxariorum
550 1950 683 1988 poeticis,
705 1960 776 1987 quas
798 1960 861 1978 eum
883 1950 1007 1978 Ludolfo
1026 1951 1174 1979 Encomia
1195 1961 1245 1979 no-

160 2001 340 2037 minavimus,
358 2002 412 2030 vid.
431 2010 516 2039 supra
533 2000 586 2029 sub
602 2001 683 2029 litera
699 2002 717 2030 l.
736 2018 772 2022 —
799 2001 844 2029 Ex
860 2001 922 2030 aliis
937 2001 1110 2030 carminibus
1125 2011 1246 2039 quorum

159 2052 249 2080 multa
265 2052 382 2086 habent,
405 2062 494 2090 pauca
519 2052 656 2089 quaedam
678 2062 766 2089 eaque
782 2053 994 2090 praestantiora
1014 2052 1186 2090 delegimus,
1209 2063 1246 2082 sc.

163 2105 191 2138 1)
213 2112 310 2140 preces
336 2103 372 2130 ad
393 2104 482 2131 Deum
502 2113 574 2140 quae
595 2104 630 2131 ab
651 2099 1246 2142 hhthssdafflmstwmssslffi

160 2153 297 2190 incipiunt
312 2157 341 2181 et
359 2154 468 2192 [abiba
488 2154 620 2182 Tahiban
642 2154 837 2191 appellantur,
864 2157 921 2185 102
945 2155 1130 2192 stropharum
1151 2155 1247 2192 (colla-

161 2208 205 2232 tas
239 2213 253 2231 e
283 2204 350 2232 cod.
384 2204 463 2232 Bodl.
492 2204 602 2239 XVIII,
632 2204 706 2232 Mus.
730 2205 800 2233 Brit.
823 2206 887 2233 LVI
911 2208 939 2233 et
962 2205 1065 2242 LVII);
1097 2206 1127 2243 2)
1150 2216 1248 2243 preces

162 2263 236 2291 quae
251 2264 267 2282 a
291 2249 509 2288 ῙΗΙΛΓἹἾΛῙΙ
521 2262 531 2280 =
549 2255 669 2283 Solae-hat
685 2256 751 2283 lacn
768 2255 915 2293 incipiunt,
931 2266 946 2283 e
961 2256 1027 2284 Cod.
1044 2256 1124 2285 Bodl.
1138 2257 1247 2293 XVIII;

164 2307 195 2338 3>
216 2314 328 2333 carmen
351 2305 386 2333 ad
408 2305 629 2333 communionem
649 2306 817 2334 sacramenti
833 2307 932 2334 altaris
949 2307 1145 2336 celebrandam
1164 2307 1248 2345 quod,

163 2365 225 2383 cum
249 2366 265 2382 a
287 2353 641 2389 ἾήηζιφῆσυςἹι
666 2355 794 2393 incipiat,
818 2357 980 2385 Mdchbura
1005 2359 1177 2388 Mc'mamin
1199 2369 1248 2387 vo-

162 2415 273 2440 camus,
297 2408 332 2435 21
359 2407 555 2444 stropharum,
579 2417 593 2434 e
615 2406 682 2434 cod.
707 2407 785 2435 Bodl.
810 2407 904 2435 XVIII
927 2411 955 2436 ct
978 2408 1052 2436 Mus.
1076 2409 1147 2438 Brit.
1170 2410 1250 2438 LVII

163 2457 312 2491 collatum,
335 2457 435 2484 deinde
459 2457 596 2493 quaedam
618 2461 747 2494 poemata
763 2468 834 2495 quac
852 2468 900 2486 uos
918 2459 1018 2487 Salam
1034 2459 1250 2497 nominavimus,

165 2506 296 2543 Abyssini
313 2513 407 2535 autem
431 2503 595 2541 ΦΑὴλί
619 2507 635 2535 i.
651 2518 673 2536 c.
696 2508 831 2545 imagines
854 2513 966 2544 vocant,
990 2510 1056 2546 quia
1079 2510 1108 2538 in
1131 2511 1251 2548 singulis

163 2567 261 2585 eonun
286 2558 409 2595 strophia
432 2558 543 2595 singula
566 2560 732 2586 Sanctorum
756 2560 880 2587 membra
903 2560 1070 2595 laudantur,
1092 2571 1129 2589 sc.
1154 2563 1185 2598 4)
1201 2562 1251 2591 Sa-

167 2609 219 2636 liim
244 2609 277 2635 aul
303 2611 362 2637 315
389 2609 487 2636 I'utres
511 2609 628 2637 Sicanae
651 2613 835 2646 congregatos
857 2609 974 2645 dictum,
1005 2614 1038 2638 16
1060 2612 1251 2649 stropharum,

165 2670 179 2685 e
207 2658 275 2687 cod.
304 2659 383 2687 150·st
413 2659 520 2693 XVIII,
550 2662 579 2694 5)
602 2660 695 2687 Salam
729 2660 763 2687 ud
793 2660 910 2688 Mariam
938 2661 964 2695 I,
993 2663 1032 2690 43
1059 2663 1252 2700 stropharum,
1276 2668 1279 2690 Ι

167 2710 298 2737 collatum
321 2720 336 2738 e
358 2710 426 2738 Cod.
450 2710 528 2738 Bodl.
552 2710 645 2738 XVIII
670 2712 686 2738 1'.
704 2712 837 2738 47—62
854 2714 881 2737 et
898 2711 965 2738 (lod.
983 2712 1056 2740 Mus.
1072 2713 1142 2741 Brit.
1161 2714 1251 2750 LVII,
1276 2710 1279 2750 l

169 2762 202 2789 0>
224 2760 316 2787 S-illim
340 2761 375 2788 uui
400 2760 518 2789 Mariam
543 2761 568 2788 11
591 2761 684 2798 (quod
713 2771 766 2788 non
790 2757 954 2794 ΦΑὴλε
978 2764 1052 2798 cst),
1082 2765 1097 2791 7
1122 2765 1252 2802 stropha-

171 2819 246 2844 rum,
267 2820 281 2838 e
310 2811 376 2838 (hul.
401 2811 479 2839 Bodl.
502 2811 597 2839 XVIII
621 2812 638 2839 s.
662 2813 710 2840 62.
734 2814 785 2845 633
810 2813 841 2847 7)
868 2812 960 2840 Salam
988 2813 1022 2840 ad
1054 2813 1174 2843 Mariam
1203 2816 1253 2852 III,

172 2862 211 2888 51¹5
236 2860 430 2897 stropharum,
459 2872 474 2889 c
501 2862 569 2890 cod.
593 2862 667 2891 Mus.
691 2862 760 2890 Brit.
786 2862 881 2895 1.x)(;
910 2867 1057 2900 praeterea
1084 2866 1115 2900 8)
1136 2865 1253 2902 hymnos

172 2919 220 2946 qui
244 2921 269 2937 iu
293 2911 361 2938 cod,
385 2912 456 2940 Mun.
481 2913 550 2941 Brit.
576 2912 640 2941 LIII
663 2913 680 2940 s.
705 2915 838 2941 52—63
861 2913 1051 2942 continentur.

258 2969 287 2994 ιι)
311 2961 361 2988 flia
382 2963 511 2989 omnibu„
533 2964 671 2991 accmlunt
690 2963 805 3000 quidam
821 2964 913 2991 libelli
928 2964 996 2999 alii,
1019 2964 1067 3001 qui
1083 2975 1253 3003 quamquam

175 3019 229 3038 nou
258 3011 345 3038 mult·
373 3016 465 3039 tamen
494 3013 603 3050 aliquot
635 3015 771 3042 vocabula
805 3014 893 3042 lexico
927 3019 1024 3043 nostro
1055 3016 1254 3044 contulerunt:
1279 3031 1281 3040 ι

1294 223 1405 252 Joanne
1427 222 1567 260 Apostolo
1593 222 1700 260 scripta
1725 222 1907 261 perhibetur,
1935 232 1951 252 e
1977 222 2046 252 Cod.
2072 223 2147 252 Mus.
2169 223 2241 252 Brit.
2264 224 2387 260 XLV113

1296 275 1328 310 2)
1357 274 1435 303 Visio
1457 273 1581 303 Baruch
1603 273 1720 309 ficticia,
1747 273 1778 302 in
1805 273 1958 311 Abyssinia
1984 273 2157 312 conscripta,
2183 285 2198 304 e
2221 274 2289 304 cod.
2312 275 2387 304 Mus.

1294 324 1367 353 Brit.
1388 324 1473 360 XIX;
1502 325 1532 362 3)
1555 319 1839 363 ςὴῶεῇθὴ-ἡθ
1863 325 1994 363 (ΓεΙσᾱνε
2018 325 2124 362 Iasus)
2149 325 2168 354 i.
2189 335 2213 354 e.
2235 325 2387 364 Expositio

1295 375 1365 404 Jesu
1387 375 1423 404 de
1445 375 1531 404 rebus
1553 375 1674 411 futuris,
1696 375 1807 404 saeculo
1827 376 1883 404 XV
1904 375 2079 413 conscripta,
2101 385 2117 404 e
2138 375 2207 404 eod.
2223 376 2298 405 Mus.
2313 376 2386 405 Brit.

1294 426 1406 461 XV111;
1429 426 1460 463 4)
1483 423 1715 460 vssss=stss21l=
1739 426 1893 461 Sapientia
1908 426 2039 463 Sibyllae
2053 425 2174 462 ficticia,
2196 436 2212 455 e
2227 426 2296 456 Ood.
2311 427 2386 457 Mus.

1294 475 1368 504 Brit.
1392 476 1430 511 V;
1469 477 1499 514 5)
1522 475 1828 515 wzssfflvcs’r‘v
1855 477 1977 507 Laudes
1998 477 2120 505 Mariae
2145 476 2176 505 in
2202 479 2312 514 septem
2337 477 2387 506 he-

1294 525 1443 555 bdomadis
1465 526 1526 556 dies
1548 537 1564 556 e
1586 527 1655 556 Cod.
1677 527 1752 556 Mus.
1769 527 1841 556 Brit.
1857 528 1912 562 III;
1936 528 1967 564 6)
1991 525 2288 562 αῠκώᾀήιηηε
2311 528 2387 557 For·
2405 558 2409 563 ,

1294 578 1377 606 vaula
1399 579 1587 614 confhssionis
1606 581 1800 616 peccatorum,
1823 578 1937 607 libellus
1962 578 2153 614 amharizans,
2180 588 2195 607 e
2219 578 2289 608 Cod.
2311 577 2387 607 Mus.

1294 627 1366 657 Brit.
1393 628 1482 657 LVII.
1507 645 1544 650 -—-
1572 629 1726 657 Praeterea
1751 639 1767 657 e
1798 629 1885 658 variis
1914 629 2008 658 Musei
2039 629 2197 658 Britannici
2225 631 2255 658 et
2279 628 2386 658 Biblio-

1294 679 1393 707 thecae
1415 679 1586 708 Bodleianae
1608 679 1750 708 codicibus
1777 690 1850 717 quos
1879 680 2024 717 quondam
2051 680 2082 708 in
2107 680 2251 718 Catalogis
2279 679 2387 724 nostris

1294 729 1494 767 descripsimus
1516 729 1629 767 singula
1654 730 1793 759 vocabula
1819 730 2012 768 allegavimus.
2036 747 2074 752 --
2104 730 2200 759 Libris
2227 730 2308 768 prelo
2333 730 2387 759 im-

1294 780 1400 818 pressis
1422 780 1473 818 qui
1499 779 1657 808 enumerati
1684 784 1753 809 sunt
1779 781 1851 810 adde
1873 781 1988 810 Ludolfi
2010 781 2169 810 Historiam
2190 780 2388 819 Aethiopicam

1293 833 1324 859 et
1345 831 1601 867 Commentarium,
1628 831 1771 860 Theodori
1797 832 1910 861 Petraei
1936 832 2087 870 proverbia
2109 831 2277 870 Aethiopica
2295 832 2387 861 Jonae

1294 882 1453 920 prophetae
1479 883 1558 911 1660
1587 881 1665 910 edito
1691 882 1856 919 subjuncta,
1883 883 1951 913 Ant.
1979 882 2138 912 d‘Abbadie
2166 882 2324 921 catalogue
2351 882 2387 912 de

1295 932 1470 962 Manuserits
1497 933 1656 971 ethiopiens
1677 933 1743 962 Par.
1770 935 1857 962 1859.

1379 985 1408 1021 0)
1426 984 1468 1012 De
1483 983 1680 1012 Vocabulariis
1695 983 2046 1022 Aethiopico-Ambaricis
2065 984 2141 1013 infra
2155 985 2239 1022 plura
2253 983 2387 1013 fficemus.

1379 1035 1425 1063 Ex
1446 1035 1499 1063 hoc
1522 1035 1694 1072 scriptorum
1720 1043 1794 1072 quae
1822 1034 2043 1073 perquisivimus
2069 1037 2224 1072 conspectu
2248 1034 2387 1072 plurimos

1295 1095 1393 1114 eorum
1415 1085 1520 1123 quibus
1547 1085 1687 1114 Ludolfus
1713 1086 1851 1115 utebatur
1877 1085 2018 1114 librorum
2045 1095 2062 1113 a
2090 1085 2172 1114 nobis
2201 1085 2296 1114 denuo
2322 1094 2388 1124 per-

1295 1137 1452 1174 vestigatus
1475 1139 1503 1165 et
1526 1140 1676 1175 excerptos
1698 1147 1760 1165 esse
1787 1137 1886 1165 elucet.
1935 1138 1976 1165 At
1999 1136 2131 1164 nonnulli
2153 1135 2277 1165 Ludolfo
2305 1138 2390 1165 erant

1295 1187 1402 1223 fontes,
1428 1187 1464 1216 ad
1486 1197 1557 1225 quos
1578 1187 1661 1216 nobis
1690 1188 1786 1216 nullus
1808 1190 1871 1216 erat
1897 1187 2008 1223 aditus,
2035 1197 2136 1225 nempe
2166 1188 2195 1224 1)
2216 1186 2304 1216 Liber
2325 1186 2390 1224 My-

1296 1239 1449 1267 steriorum
1471 1239 1540 1267 coeli
1561 1241 1592 1267 et
1614 1242 1722 1273 terrae,
1746 1239 1778 1276 2)
1799 1237 2029 1276 Manuscriptum
2050 1237 2260 1273 colbertinum,
2283 1237 2316 1275 3)
2330 1237 2389 1266 Ho-

1296 1289 1390 1318 miliae
1412 1292 1441 1318 et
1466 1289 1547 1318 Vitae
1569 1289 1737 1318 Sanctorum
1759 1289 1809 1327 qui
1828 1289 1859 1317 in
1873 1288 1974 1318 Codice
1988 1288 2183 1317 Bibliothecae
2197 1287 2389 1317 Berolinensis

1295 1341 1490 1369 inveniuntur.
1538 1340 1618 1369 Alios
1645 1340 1771 1369 habebat
1800 1350 1872 1377 quos
1893 1341 1930 1368 ab
1957 1339 2021 1377 ipso
2052 1339 2207 1377 diligenter
2237 1341 2388 1378 excerptos

1296 1392 1389 1420 denuo
1411 1392 1588 1429 perlustrare
1610 1401 1667 1420 non
1689 1401 1792 1429 operae
1814 1391 1940 1429 pretium
1955 1401 2016 1420 esse
2031 1391 2231 1426 censebamus,
2253 1390 2389 1428 Orga-non

1296 1443 1417 1478 Mariae,
1440 1442 1553 1471 Ssalota
1574 1442 1667 1480 Reqet
1688 1444 1732 1480 (at
1754 1441 1810 1471 vid.
1835 1451 1923 1479 supra
1944 1441 1999 1469 sub
2019 1440 2104 1469 litera
2122 1450 2142 1470 a
2156 1441 2192 1470 de
2206 1441 2308 1479 libro),
2330 1441 2390 1470 Ho-

1296 1493 1403 1522 mih'am
1425 1493 1621 1530 Chrysostomi
1643 1493 1678 1521 de
1700 1492 1859 1521 Nativitate
1881 1491 1989 1520 Christi
2011 1491 2105 1528 Lugd.
2126 1492 2190 1521 Bat.
2209 1493 2290 1522 1660
2304 1501 2323 1520 a
2336 1491 2389 1521 Th.

1296 1545 1416 1573 Petraeo
1439 1544 1553 1572 editam.
1597 1544 1645 1573 Ex
1671 1546 1794 1581 utroque
1819 1543 1959 1571 librorum
1983 1552 2088 1580 genere
2115 1551 2310 1580 quaecumque
2331 1541 2389 1572 Lu-

1296 1595 1390 1624 dolsus
1412 1595 1442 1624 in
1464 1604 1516 1624 suo
1539 1595 1628 1624 lexico
1650 1594 1787 1633 protulit,
1815 1604 1867 1623 nec
1889 1603 1947 1622 non
1968 1603 2042 1631 quae
2064 1592 2237 1622 auctoritate
2258 1592 2391 1631 Gregorii

1296 1646 1445 1685 Aethiopis
1460 1646 1625 1685 proposuit,
1643 1655 1677 1675 ea
1692 1645 1786 1675 omnia
1800 1645 1830 1673 in
1845 1647 1945 1673 nostro
1961 1654 2046 1682 opere
2059 1644 2165 1673 iterum
2179 1642 2390 1682 exscripsimus.

1299 1762 1330 1795 2.
1384 1759 1583 1805 Exponitur
1614 1758 1734 1804 quibus
1767 1757 1910 1793 auxiliis
1938 1758 1976 1792 in
2010 1756 2212 1801 definiendis
2243 1755 2388 1792 vocabu-

1508 1819 1619 1854 lorum
1651 1817 1956 1864 siynificationibus
1983 1817 2035 1852 usi
2061 1816 2178 1851 simus.

1383 1912 1591 1951 Lexicographi
1613 1915 1657 1941 est
1679 1921 1736 1940 non
1758 1913 1872 1940 tantum
1898 1910 2038 1940 vocabula
2064 1909 2198 1947 colligere
2225 1907 2276 1937 sed
2303 1907 2390 1937 etiam

1298 1975 1397 1994 eorum
1417 1963 1638 2002 significationes
1663 1965 1739 1992 recte
1766 1962 1892 1991 definire.
1936 1961 1999 1997 Qua
2023 1960 2055 1989 in
2080 1970 2112 1989 re
2137 1959 2185 1989 via
2210 1959 2392 1997 complanata

1298 2019 1342 2045 est
1365 2026 1382 2044 a
1403 2015 1535 2044 Ludolfo.
1579 2014 1773 2043 Plurimorum
1795 2013 1870 2042 enim
1892 2022 1992 2041 eorum
2013 2021 2087 2050 quae
2101 2010 2243 2040 communi
2265 2019 2320 2039 usu
2341 2009 2390 2039 de-

1298 2067 1370 2096 trita
1402 2070 1470 2096 sunt
1502 2066 1656 2095 verborum
1682 2066 1856 2103 potestatem
1883 2063 1919 2092 ab
1948 2073 1982 2092 eo
2011 2065 2089 2092 recte
2116 2061 2302 2091 constitutam
2329 2069 2392 2090 esse

1299 2128 1382 2147 nemo
1408 2117 1588 2146 infitiabitur.
1641 2116 1748 2145 Tamen
1775 2115 1866 2144 multa
1895 2114 2046 2143 restabant
2077 2111 2214 2142 facienda.
2263 2111 2391 2141 Primum

1300 2169 1374 2198 enim
1396 2169 1550 2198 verborum
1572 2166 1812 2206 pronominalium
1833 2168 1863 2195 et
1890 2165 2056 2195 vocularum
2083 2163 2198 2192 illarum
2225 2172 2298 2201 quas
2324 2171 2391 2201 par-

1299 2220 1414 2256 ticulas,
1437 2219 1665 2257 conjunctiones,
1688 2217 1928 2256 praepositiones,
1951 2215 2162 2253 interjectiones
2184 2213 2283 2243 dicunt
2305 2222 2392 2252 expo-

1300 2271 1432 2300 sitionem
1454 2270 1594 2299 Ludolfus
1621 2269 1668 2298 vix
1695 2268 1840 2298 delibavit.
1891 2269 1930 2297 At
1959 2266 2055 2304 magni
2083 2264 2218 2295 momenti
2245 2266 2312 2294 sunt
2338 2264 2393 2294 hae

1301 2332 1384 2351 voces
1413 2323 1442 2350 et
1467 2321 1582 2359 linguae
1615 2329 1683 2359 pars
1715 2319 1792 2348 haud
1824 2317 2042 2353 contemnenda,
2076 2327 2127 2346 nec
2159 2316 2311 2355 quisquam
2339 2325 2392 2345 suo

1300 2382 1418 2402 munere
1441 2372 1496 2401 rite
1520 2369 1635 2401 functus
1657 2370 1868 2413 existimabitur
1890 2369 1939 2408 qui
1962 2369 2122 2397 uberiorem
2143 2370 2174 2397 et
2188 2366 2392 2396 accuratiorem

1302 2434 1400 2453 earum
1430 2422 1649 2462 descriptionem
1678 2421 1814 2451 omiserit.
1868 2420 1976 2450 Deinde
2008 2429 2129 2458 magnus
2162 2421 2207 2448 est
2237 2417 2392 2446 verborum

1302 2484 1438 2504 numerus
1461 2484 1533 2512 quae
1549 2474 1671 2503 Ludolfo
1694 2483 1756 2502 cum
1778 2472 1923 2511 incognita
1945 2473 2042 2501 essent
2057 2469 2160 2509 exponi
2175 2477 2232 2498 non
2246 2470 2392 2512 poterant.

1303 2526 1432 2564 Denique
1455 2525 1540 2554 etiam
1563 2534 1661 2553 corum
1684 2533 1758 2562 quae
1779 2522 1860 2552 novit
1881 2522 2034 2552 verborum
2059 2520 2136 2550 haud
2157 2519 2199 2548 ita
2221 2528 2312 2557 pauca
2333 2518 2392 2548 sive

1303 2577 1375 2606 falso
1398 2577 1457 2606 sive
1477 2576 1571 2605 minus
1594 2578 1671 2605 recte
1693 2574 1901 2613 interpretatus
1923 2573 2018 2610 estss),
2045 2572 2112 2610 quia
2140 2569 2313 2600 auctoritate
2335 2579 2393 2599 non

1303 2628 1374 2656 satis
1397 2627 1454 2656 fida
1476 2626 1624 2656 nitebatur
1645 2626 1690 2655 vel
1712 2625 1779 2663 quia
1802 2625 1855 2653 loci
1877 2625 2034 2663 probantes
2049 2632 2121 2660 quas
2135 2621 2274 2659 inspicere
2288 2620 2393 2649 licebat

1304 2678 1430 2717 ambigui
1452 2681 1482 2708 et
1505 2677 1617 2707 obscuri
1639 2679 1734 2712 erant;
1756 2675 1785 2705 in
1805 2675 1868 2704 aliis
1883 2673 2108 2714 interpretandis
2123 2673 2183 2712 ipse
2198 2681 2261 2700 cum
2277 2674 2393 2701 auctore

1304 2740 1355 2758 suo
1377 2729 1544 2764 haesitavit;
1573 2728 1693 2758 aliorum
1716 2726 1938 2765 significationes
1960 2727 2037 2754 recte
2064 2723 2179 2762 quidem
2205 2722 2315 2751 invenit
2344 2721 2394 2751 sed

1304 2790 1360 2808 non
1384 2791 1492 2815 omnes;
1514 2780 1601 2809 etiam
1623 2779 1779 2808 formarum
1801 2776 1989 2816 quarumdam
2011 2775 2067 2804 vim
2090 2775 2136 2812 (ut
2157 2773 2256 2812 stirpis
2269 2773 2394 2802 verbalis

1305 2831 1353 2866 IV,
1381 2834 1404 2859 1.
1429 2833 1461 2868 2)
1483 2841 1539 2860 non
1562 2840 1673 2869 semper
1700 2831 1848 2859 assecutus
1875 2831 1928 2857 est.
1972 2826 2067 2856 Multa
2090 2825 2181 2864 igitur
2206 2824 2338 2854 novanda
2365 2826 2395 2853 et

1305 2881 1481 2910 emendanda
1503 2886 1597 2916 erant,
1621 2880 1715 2910 omnia
1737 2882 1832 2910 autem
1848 2877 2039 2909 retractanda.

1379 3021 1402 3051 1)
1421 3020 1562 3054 Exemplis
1581 3021 1637 3047 sint
1655 3014 2034 3053 vcngtlwftnfflffl
2047 3009 2394 3051 a··n÷÷⁸··1.b-ww

179 3062 206 3094 1)
228 3061 415 3097 fragmentum
444 3063 655 3099 Apuralypscns
683 3066 802 3093 Mariae
831 3065 866 3093 do
894 3066 978 3093 rebus
1008 3066 1113 3095 suturis
1139 3076 1212 3104 quae
1238 3078 1255 3095 u
1279 3041 1282 3091 l
1307 3061 2349 3108 m?=†07A01st,ffi¹†w⁴·ss¹‘ssssL'I'¹ssCC'‘I'dafhss'ffn!
2362 3066 2396 3092 ⁸1·

2512 2670 2519 2727 '

2511 3131 2519 3350 4
